InstrumentId,ExchangeId,Datetime,OpenPrice,HighestPrice,LowestPrice,UpperLimitPrice,LowerLimitPrice,Volume,OpenInterest,BidPrice5,BidVolume5,BidPrice4,BidVolume4,BidPrice3,BidVolume3,BidPrice2,BidVolume2,BidPrice1,BidVolume1,AskPrice1,AskVolume1,AskPrice2,AskVolume2,AskPrice3,AskVolume3,AskPrice4,AskVolume4,AskPrice5,AskVolume5,LastPrice
TA410,,13:38:36.0#,5868.0,5874.0,5808.0,6214.0,5510.0,27437,21441,5822.0,82,5824.0,81,5826.0,30,5828.0,161,5830.0,59,5832.0,90,5834.0,163,5836.0,31,5838.0,41,5840.0,151,5830.0
TA410,,13:38:43.750#,5868.0,5874.0,5808.0,6214.0,5510.0,27437,21441,5822.0,82,5824.0,81,5826.0,30,5828.0,161,5830.0,49,5832.0,80,5834.0,163,5836.0,31,5838.0,41,5840.0,151,5830.0
TA410,,13:38:44.0#,5868.0,5874.0,5808.0,6214.0,5510.0,27437,21441,5822.0,82,5824.0,81,5826.0,30,5828.0,161,5830.0,59,5832.0,90,5834.0,163,5836.0,31,5838.0,41,5840.0,151,5830.0
TA410,,13:38:47.750#,5868.0,5874.0,5808.0,6214.0,5510.0,27437,21441,5822.0,82,5824.0,81,5826.0,30,5828.0,161,5830.0,69,5832.0,80,5834.0,163,5836.0,31,5838.0,41,5840.0,151,5830.0
TA410,,13:38:48.0#,5868.0,5874.0,5808.0,6214.0,5510.0,27437,21441,5822.0,82,5824.0,81,5826.0,30,5828.0,161,5830.0,79,5832.0,90,5834.0,163,5836.0,31,5838.0,41,5840.0,151,5830.0
TA410,,13:38:48.500#,5868.0,5874.0,5808.0,6214.0,5510.0,27437,21441,5822.0,82,5824.0,81,5826.0,30,5828.0,161,5830.0,74,5832.0,90,5834.0,163,5836.0,31,5838.0,41,5840.0,151,5830.0
TA410,,13:38:51.0#,5868.0,5874.0,5808.0,6214.0,5510.0,27439,21441,5822.0,82,5824.0,80,5826.0,30,5828.0,151,5830.0,72,5832.0,87,5834.0,153,5836.0,31,5838.0,41,5840.0,151,5830.0
TA410,,13:38:51.250#,5868.0,5874.0,5808.0,6214.0,5510.0,27439,21441,5822.0,82,5824.0,80,5826.0,30,5828.0,162,5830.0,58,5832.0,88,5834.0,163,5836.0,31,5838.0,41,5840.0,151,5830.0
TA410,,13:38:51.500#,5868.0,5874.0,5808.0,6214.0,5510.0,27439,21441,5822.0,82,5824.0,80,5826.0,30,5828.0,162,5830.0,58,5832.0,78,5834.0,173,5836.0,31,5838.0,41,5840.0,151,5830.0
TA410,,13:38:58.500#,5868.0,5874.0,5808.0,6214.0,5510.0,27439,21441,5822.0,82,5824.0,80,5826.0,30,5828.0,161,5830.0,59,5832.0,78,5834.0,173,5836.0,31,5838.0,41,5840.0,151,5830.0
TA410,,13:38:58.750#,5868.0,5874.0,5808.0,6214.0,5510.0,27439,21441,5822.0,82,5824.0,80,5826.0,30,5828.0,161,5830.0,64,5832.0,78,5834.0,173,5836.0,31,5838.0,41,5840.0,151,5830.0
TA410,,13:38:59.0#,5868.0,5874.0,5808.0,6214.0,5510.0,27445,21441,5822.0,82,5824.0,80,5826.0,30,5828.0,161,5830.0,73,5832.0,78,5834.0,173,5836.0,31,5838.0,41,5840.0,151,5830.0
TA410,,13:39:01.500#,5868.0,5874.0,5808.0,6214.0,5510.0,27523,21476,5824.0,80,5826.0,30,5828.0,131,5830.0,59,5832.0,11,5834.0,175,5836.0,31,5838.0,41,5840.0,151,5842.0,26,5832.0
TA410,,13:39:01.750#,5868.0,5874.0,5808.0,6214.0,5510.0,27530,21477,5824.0,80,5826.0,31,5828.0,121,5830.0,90,5832.0,10,5834.0,206,5836.0,41,5838.0,51,5840.0,151,5842.0,28,5832.0
TA410,,13:39:02.0#,5868.0,5874.0,5808.0,6214.0,5510.0,27530,21477,5824.0,80,5826.0,31,5828.0,71,5830.0,150,5832.0,12,5834.0,186,5836.0,81,5838.0,29,5840.0,151,5842.0,28,5832.0
TA410,,13:39:02.250#,5868.0,5874.0,5808.0,6214.0,5510.0,27530,21477,5824.0,80,5826.0,31,5828.0,61,5830.0,159,5832.0,14,5834.0,186,5836.0,81,5838.0,29,5840.0,151,5842.0,28,5832.0
TA410,,13:39:02.500#,5868.0,5874.0,5808.0,6214.0,5510.0,27530,21477,5824.0,80,5826.0,31,5828.0,61,5830.0,158,5832.0,15,5834.0,185,5836.0,82,5838.0,29,5840.0,151,5842.0,28,5832.0
TA410,,13:39:02.750#,5868.0,5874.0,5808.0,6214.0,5510.0,27530,21477,5824.0,80,5826.0,31,5828.0,61,5830.0,158,5832.0,15,5834.0,185,5836.0,72,5838.0,39,5840.0,151,5842.0,28,5832.0
TA410,,13:39:03.250#,5868.0,5874.0,5808.0,6214.0,5510.0,27530,21477,5824.0,80,5826.0,31,5828.0,61,5830.0,153,5832.0,20,5834.0,185,5836.0,72,5838.0,39,5840.0,151,5842.0,28,5832.0
TA410,,13:39:03.500#,5868.0,5874.0,5808.0,6214.0,5510.0,27530,21477,5824.0,80,5826.0,31,5828.0,61,5830.0,163,5832.0,20,5834.0,195,5836.0,72,5838.0,39,5840.0,151,5842.0,28,5832.0
TA410,,13:39:10.0#,5868.0,5874.0,5808.0,6214.0,5510.0,27530,21477,5824.0,80,5826.0,31,5828.0,61,5830.0,163,5832.0,20,5834.0,185,5836.0,82,5838.0,39,5840.0,151,5842.0,28,5832.0
TA410,,13:39:10.500#,5868.0,5874.0,5808.0,6214.0,5510.0,27530,21477,5824.0,80,5826.0,31,5828.0,61,5830.0,163,5832.0,17,5834.0,185,5836.0,82,5838.0,39,5840.0,151,5842.0,28,5832.0
TA410,,13:39:10.750#,5868.0,5874.0,5808.0,6214.0,5510.0,27530,21477,5824.0,80,5826.0,31,5828.0,61,5830.0,163,5832.0,17,5834.0,188,5836.0,82,5838.0,39,5840.0,151,5842.0,28,5832.0
TA410,,13:39:11.0#,5868.0,5874.0,5808.0,6214.0,5510.0,27530,21477,5824.0,80,5826.0,31,5828.0,61,5830.0,163,5832.0,17,5834.0,204,5836.0,82,5838.0,39,5840.0,151,5842.0,28,5832.0
TA410,,13:39:11.750#,5868.0,5874.0,5808.0,6214.0,5510.0,27530,21477,5824.0,80,5826.0,31,5828.0,61,5830.0,163,5832.0,17,5834.0,204,5836.0,82,5838.0,38,5840.0,151,5842.0,28,5832.0
TA410,,13:39:12.500#,5868.0,5874.0,5808.0,6214.0,5510.0,27530,21477,5824.0,80,5826.0,31,5828.0,61,5830.0,163,5832.0,17,5834.0,196,5836.0,82,5838.0,38,5840.0,151,5842.0,28,5832.0
TA410,,13:39:12.750#,5868.0,5874.0,5808.0,6214.0,5510.0,27530,21477,5824.0,80,5826.0,31,5828.0,61,5830.0,163,5832.0,17,5834.0,194,5836.0,82,5838.0,38,5840.0,151,5842.0,28,5832.0
TA410,,13:39:13.500#,5868.0,5874.0,5808.0,6214.0,5510.0,27530,21477,5824.0,80,5826.0,31,5828.0,61,5830.0,163,5832.0,17,5834.0,193,5836.0,82,5838.0,38,5840.0,151,5842.0,28,5832.0
TA410,,13:39:13.750#,5868.0,5874.0,5808.0,6214.0,5510.0,27530,21477,5824.0,80,5826.0,31,5828.0,61,5830.0,163,5832.0,17,5834.0,193,5836.0,92,5838.0,28,5840.0,151,5842.0,28,5832.0
TA410,,13:39:16.0#,5868.0,5874.0,5808.0,6214.0,5510.0,27530,21477,5824.0,80,5826.0,31,5828.0,61,5830.0,163,5832.0,17,5834.0,192,5836.0,92,5838.0,28,5840.0,151,5842.0,28,5832.0
TA410,,13:39:16.250#,5868.0,5874.0,5808.0,6214.0,5510.0,27530,21477,5824.0,80,5826.0,31,5828.0,61,5830.0,163,5832.0,17,5834.0,195,5836.0,92,5838.0,28,5840.0,151,5842.0,28,5832.0
TA410,,13:39:16.500#,5868.0,5874.0,5808.0,6214.0,5510.0,27530,21477,5824.0,80,5826.0,31,5828.0,61,5830.0,163,5832.0,17,5834.0,186,5836.0,92,5838.0,28,5840.0,151,5842.0,28,5832.0
TA410,,13:39:16.750#,5868.0,5874.0,5808.0,6214.0,5510.0,27530,21477,5824.0,80,5826.0,31,5828.0,61,5830.0,163,5832.0,17,5834.0,185,5836.0,92,5838.0,28,5840.0,151,5842.0,28,5832.0
TA410,,13:39:22.250#,5868.0,5874.0,5808.0,6214.0,5510.0,27530,21477,5824.0,80,5826.0,31,5828.0,61,5830.0,163,5832.0,17,5834.0,203,5836.0,92,5838.0,28,5840.0,151,5842.0,28,5832.0
TA410,,13:39:23.0#,5868.0,5874.0,5808.0,6214.0,5510.0,27530,21477,5824.0,80,5826.0,31,5828.0,61,5830.0,163,5832.0,17,5834.0,185,5836.0,92,5838.0,28,5840.0,151,5842.0,28,5832.0
TA410,,13:39:24.500#,5868.0,5874.0,5808.0,6214.0,5510.0,27530,21477,5824.0,80,5826.0,31,5828.0,61,5830.0,163,5832.0,17,5834.0,190,5836.0,92,5838.0,28,5840.0,151,5842.0,28,5832.0
TA410,,13:39:24.750#,5868.0,5874.0,5808.0,6214.0,5510.0,27530,21477,5824.0,80,5826.0,31,5828.0,61,5830.0,163,5832.0,17,5834.0,185,5836.0,92,5838.0,28,5840.0,151,5842.0,28,5832.0
TA410,,13:39:25.0#,5868.0,5874.0,5808.0,6214.0,5510.0,27530,21477,5824.0,80,5826.0,31,5828.0,61,5830.0,163,5832.0,17,5834.0,190,5836.0,92,5838.0,28,5840.0,151,5842.0,28,5832.0
TA410,,13:39:25.250#,5868.0,5874.0,5808.0,6214.0,5510.0,27530,21477,5824.0,80,5826.0,31,5828.0,61,5830.0,163,5832.0,17,5834.0,185,5836.0,92,5838.0,28,5840.0,151,5842.0,28,5832.0
TA410,,13:39:25.500#,5868.0,5874.0,5808.0,6214.0,5510.0,27530,21477,5824.0,80,5826.0,31,5828.0,61,5830.0,163,5832.0,17,5834.0,190,5836.0,92,5838.0,28,5840.0,151,5842.0,28,5832.0
TA410,,13:39:25.750#,5868.0,5874.0,5808.0,6214.0,5510.0,27530,21477,5824.0,80,5826.0,31,5828.0,61,5830.0,163,5832.0,17,5834.0,185,5836.0,92,5838.0,28,5840.0,151,5842.0,28,5832.0
TA410,,13:39:26.0#,5868.0,5874.0,5808.0,6214.0,5510.0,27530,21477,5824.0,80,5826.0,31,5828.0,61,5830.0,163,5832.0,17,5834.0,190,5836.0,92,5838.0,27,5840.0,151,5842.0,28,5832.0
TA410,,13:39:26.250#,5868.0,5874.0,5808.0,6214.0,5510.0,27530,21477,5824.0,80,5826.0,31,5828.0,61,5830.0,163,5832.0,17,5834.0,185,5836.0,92,5838.0,27,5840.0,152,5842.0,28,5832.0
TA410,,13:39:26.500#,5868.0,5874.0,5808.0,6214.0,5510.0,27530,21477,5824.0,80,5826.0,31,5828.0,61,5830.0,163,5832.0,17,5834.0,190,5836.0,92,5838.0,27,5840.0,152,5842.0,28,5832.0
TA410,,13:39:26.750#,5868.0,5874.0,5808.0,6214.0,5510.0,27530,21477,5824.0,80,5826.0,31,5828.0,61,5830.0,163,5832.0,17,5834.0,185,5836.0,92,5838.0,27,5840.0,152,5842.0,28,5832.0
TA410,,13:39:27.0#,5868.0,5874.0,5808.0,6214.0,5510.0,27530,21477,5824.0,80,5826.0,31,5828.0,61,5830.0,163,5832.0,17,5834.0,190,5836.0,92,5838.0,27,5840.0,152,5842.0,28,5832.0
TA410,,13:39:27.250#,5868.0,5874.0,5808.0,6214.0,5510.0,27530,21477,5824.0,80,5826.0,31,5828.0,61,5830.0,163,5832.0,17,5834.0,185,5836.0,92,5838.0,27,5840.0,152,5842.0,28,5832.0
TA410,,13:39:27.500#,5868.0,5874.0,5808.0,6214.0,5510.0,27537,21477,5824.0,80,5826.0,31,5828.0,61,5830.0,163,5832.0,10,5834.0,190,5836.0,92,5838.0,27,5840.0,152,5842.0,28,5832.0
TA410,,13:39:27.750#,5868.0,5874.0,5808.0,6214.0,5510.0,27537,21477,5824.0,80,5826.0,31,5828.0,61,5830.0,153,5832.0,10,5834.0,175,5836.0,92,5838.0,27,5840.0,152,5842.0,28,5832.0
TA410,,13:39:28.0#,5868.0,5874.0,5808.0,6214.0,5510.0,27537,21477,5824.0,80,5826.0,31,5828.0,61,5830.0,163,5832.0,13,5834.0,185,5836.0,92,5838.0,27,5840.0,152,5842.0,28,5832.0
TA410,,13:39:28.250#,5868.0,5874.0,5808.0,6214.0,5510.0,27537,21477,5824.0,80,5826.0,31,5828.0,61,5830.0,153,5832.0,23,5834.0,182,5836.0,92,5838.0,27,5840.0,152,5842.0,28,5832.0
TA410,,13:39:28.500#,5868.0,5874.0,5808.0,6214.0,5510.0,27537,21477,5824.0,80,5826.0,31,5828.0,71,5830.0,143,5832.0,24,5834.0,160,5836.0,92,5838.0,27,5840.0,162,5842.0,28,5832.0
TA410,,13:39:28.750#,5868.0,5874.0,5808.0,6214.0,5510.0,27537,21477,5824.0,79,5826.0,31,5828.0,41,5830.0,173,5832.0,24,5834.0,120,5836.0,132,5838.0,27,5840.0,162,5842.0,28,5832.0
TA410,,13:39:29.0#,5868.0,5874.0,5808.0,6214.0,5510.0,27544,21481,5824.0,79,5826.0,42,5828.0,31,5830.0,173,5832.0,27,5834.0,111,5836.0,132,5838.0,37,5840.0,152,5842.0,28,5834.0
TA410,,13:39:29.500#,5868.0,5874.0,5808.0,6214.0,5510.0,27544,21481,5824.0,79,5826.0,32,5828.0,31,5830.0,183,5832.0,27,5834.0,121,5836.0,132,5838.0,27,5840.0,152,5842.0,28,5834.0
TA410,,13:39:29.750#,5868.0,5874.0,5808.0,6214.0,5510.0,27551,21481,5824.0,79,5826.0,32,5828.0,41,5830.0,162,5832.0,57,5834.0,94,5836.0,132,5838.0,37,5840.0,152,5842.0,28,5834.0
TA410,,13:39:30.0#,5868.0,5874.0,5808.0,6214.0,5510.0,27551,21481,5824.0,79,5826.0,32,5828.0,41,5830.0,162,5832.0,76,5834.0,63,5836.0,152,5838.0,47,5840.0,152,5842.0,28,5834.0
TA410,,13:39:30.250#,5868.0,5874.0,5808.0,6214.0,5510.0,27558,21486,5824.0,79,5826.0,32,5828.0,41,5830.0,152,5832.0,91,5834.0,41,5836.0,162,5838.0,47,5840.0,152,5842.0,28,5834.0
TA410,,13:39:30.500#,5868.0,5874.0,5808.0,6214.0,5510.0,27558,21486,5824.0,79,5826.0,32,5828.0,31,5830.0,162,5832.0,91,5834.0,41,5836.0,172,5838.0,37,5840.0,152,5842.0,28,5834.0
TA410,,13:39:30.750#,5868.0,5874.0,5808.0,6214.0,5510.0,27558,21486,5824.0,79,5826.0,32,5828.0,31,5830.0,162,5832.0,91,5834.0,41,5836.0,182,5838.0,27,5840.0,152,5842.0,28,5834.0
TA410,,13:39:31.500#,5868.0,5874.0,5808.0,6214.0,5510.0,27558,21486,5824.0,79,5826.0,32,5828.0,31,5830.0,162,5832.0,82,5834.0,41,5836.0,172,5838.0,27,5840.0,152,5842.0,28,5834.0
TA410,,13:39:31.750#,5868.0,5874.0,5808.0,6214.0,5510.0,27558,21486,5824.0,79,5826.0,32,5828.0,31,5830.0,152,5832.0,106,5834.0,41,5836.0,162,5838.0,47,5840.0,152,5842.0,28,5834.0
TA410,,13:39:32.0#,5868.0,5874.0,5808.0,6214.0,5510.0,27558,21486,5824.0,79,5826.0,32,5828.0,31,5830.0,132,5832.0,132,5834.0,41,5836.0,162,5838.0,47,5840.0,152,5842.0,28,5834.0
TA410,,13:39:32.250#,5868.0,5874.0,5808.0,6214.0,5510.0,27558,21486,5824.0,79,5826.0,32,5828.0,31,5830.0,122,5832.0,142,5834.0,41,5836.0,162,5838.0,47,5840.0,152,5842.0,28,5834.0
TA410,,13:39:32.500#,5868.0,5874.0,5808.0,6214.0,5510.0,27558,21486,5824.0,79,5826.0,32,5828.0,31,5830.0,122,5832.0,142,5834.0,41,5836.0,172,5838.0,37,5840.0,152,5842.0,28,5834.0
TA410,,13:39:33.250#,5868.0,5874.0,5808.0,6214.0,5510.0,27558,21486,5824.0,79,5826.0,32,5828.0,31,5830.0,122,5832.0,142,5834.0,32,5836.0,172,5838.0,37,5840.0,152,5842.0,28,5834.0
TA410,,13:39:39.500#,5868.0,5874.0,5808.0,6214.0,5510.0,27590,21492,5826.0,32,5828.0,31,5830.0,122,5832.0,121,5834.0,1,5836.0,162,5838.0,37,5840.0,152,5842.0,28,5844.0,64,5834.0
TA410,,13:39:39.750#,5868.0,5874.0,5808.0,6214.0,5510.0,27590,21492,5826.0,32,5828.0,31,5830.0,96,5832.0,139,5834.0,8,5836.0,119,5838.0,78,5840.0,171,5842.0,28,5844.0,66,5834.0
TA410,,13:39:40.0#,5868.0,5874.0,5808.0,6214.0,5510.0,27600,21486,5826.0,32,5828.0,31,5830.0,56,5832.0,184,5834.0,3,5836.0,91,5838.0,127,5840.0,171,5842.0,28,5844.0,67,5834.0
TA410,,13:39:40.250#,5868.0,5874.0,5808.0,6214.0,5510.0,27603,21484,5826.0,32,5828.0,41,5830.0,76,5832.0,154,5834.0,2,5836.0,115,5838.0,117,5840.0,161,5842.0,28,5844.0,66,5834.0
TA410,,13:39:40.500#,5868.0,5874.0,5808.0,6214.0,5510.0,27605,21484,5824.0,77,5826.0,32,5828.0,31,5830.0,76,5832.0,205,5836.0,125,5838.0,117,5840.0,151,5842.0,29,5844.0,66,5834.0
TA410,,13:39:40.750#,5868.0,5874.0,5808.0,6214.0,5510.0,27605,21484,5824.0,79,5826.0,32,5828.0,31,5830.0,86,5832.0,198,5836.0,125,5838.0,117,5840.0,151,5842.0,29,5844.0,66,5834.0
TA410,,13:39:41.0#,5868.0,5874.0,5808.0,6214.0,5510.0,27605,21484,5824.0,79,5826.0,32,5828.0,31,5830.0,86,5832.0,198,5836.0,115,5838.0,127,5840.0,151,5842.0,29,5844.0,66,5834.0
TA410,,13:39:41.250#,5868.0,5874.0,5808.0,6214.0,5510.0,27605,21484,5824.0,79,5826.0,32,5828.0,31,5830.0,86,5832.0,229,5836.0,116,5838.0,127,5840.0,151,5842.0,29,5844.0,66,5834.0
TA410,,13:39:41.500#,5868.0,5874.0,5808.0,6214.0,5510.0,27605,21484,5824.0,79,5826.0,32,5828.0,31,5830.0,86,5832.0,234,5836.0,113,5838.0,127,5840.0,151,5842.0,29,5844.0,66,5834.0
TA410,,13:39:41.750#,5868.0,5874.0,5808.0,6214.0,5510.0,27605,21484,5824.0,79,5826.0,32,5828.0,31,5830.0,66,5832.0,254,5836.0,93,5838.0,147,5840.0,151,5842.0,29,5844.0,66,5834.0
TA410,,13:39:42.0#,5868.0,5874.0,5808.0,6214.0,5510.0,27605,21484,5824.0,79,5826.0,32,5828.0,31,5830.0,86,5832.0,234,5836.0,83,5838.0,147,5840.0,161,5842.0,29,5844.0,66,5834.0
TA410,,13:39:42.250#,5868.0,5874.0,5808.0,6214.0,5510.0,27605,21484,5824.0,79,5826.0,32,5828.0,31,5830.0,86,5832.0,234,5836.0,82,5838.0,147,5840.0,161,5842.0,29,5844.0,66,5834.0
TA410,,13:39:42.500#,5868.0,5874.0,5808.0,6214.0,5510.0,27605,21484,5824.0,79,5826.0,32,5828.0,31,5830.0,86,5832.0,234,5836.0,82,5838.0,157,5840.0,151,5842.0,29,5844.0,66,5834.0
TA410,,13:39:43.250#,5868.0,5874.0,5808.0,6214.0,5510.0,27605,21484,5824.0,79,5826.0,32,5828.0,31,5830.0,86,5832.0,174,5836.0,82,5838.0,157,5840.0,151,5842.0,29,5844.0,66,5834.0
TA410,,13:39:44.0#,5868.0,5874.0,5808.0,6214.0,5510.0,27605,21484,5824.0,79,5826.0,32,5828.0,31,5830.0,86,5832.0,194,5836.0,82,5838.0,157,5840.0,151,5842.0,29,5844.0,66,5834.0
TA410,,13:39:44.250#,5868.0,5874.0,5808.0,6214.0,5510.0,27605,21484,5824.0,79,5826.0,32,5828.0,31,5830.0,76,5832.0,201,5836.0,82,5838.0,147,5840.0,151,5842.0,29,5844.0,66,5834.0
TA410,,13:39:44.500#,5868.0,5874.0,5808.0,6214.0,5510.0,27605,21484,5826.0,32,5828.0,31,5830.0,76,5832.0,160,5834.0,30,5836.0,72,5838.0,157,5840.0,161,5842.0,29,5844.0,66,5834.0
TA410,,13:39:44.750#,5868.0,5874.0,5808.0,6214.0,5510.0,27605,21484,5826.0,32,5828.0,31,5830.0,56,5832.0,174,5834.0,41,5836.0,67,5838.0,148,5840.0,171,5842.0,29,5844.0,66,5834.0
TA410,,13:39:45.0#,5868.0,5874.0,5808.0,6214.0,5510.0,27605,21484,5826.0,32,5828.0,31,5830.0,56,5832.0,164,5834.0,51,5836.0,47,5838.0,158,5840.0,161,5842.0,29,5844.0,66,5834.0
TA410,,13:39:45.250#,5868.0,5874.0,5808.0,6214.0,5510.0,27605,21484,5826.0,32,5828.0,31,5830.0,56,5832.0,154,5834.0,62,5836.0,26,5838.0,168,5840.0,161,5842.0,29,5844.0,66,5834.0
TA410,,13:39:45.500#,5868.0,5874.0,5808.0,6214.0,5510.0,27605,21484,5826.0,32,5828.0,31,5830.0,46,5832.0,164,5834.0,62,5836.0,26,5838.0,178,5840.0,151,5842.0,29,5844.0,66,5834.0
TA410,,13:39:48.500#,5868.0,5874.0,5808.0,6214.0,5510.0,27605,21484,5826.0,32,5828.0,31,5830.0,46,5832.0,164,5834.0,67,5836.0,26,5838.0,178,5840.0,151,5842.0,29,5844.0,66,5834.0
TA410,,13:39:50.0#,5868.0,5874.0,5808.0,6214.0,5510.0,27605,21484,5826.0,32,5828.0,31,5830.0,46,5832.0,164,5834.0,67,5836.0,26,5838.0,178,5840.0,151,5842.0,29,5844.0,66,5834.0
TA410,,13:39:53.750#,5868.0,5874.0,5808.0,6214.0,5510.0,27605,21484,5826.0,32,5828.0,31,5830.0,46,5832.0,164,5834.0,67,5836.0,39,5838.0,178,5840.0,151,5842.0,29,5844.0,66,5834.0
TA410,,13:39:58.0#,5868.0,5874.0,5808.0,6214.0,5510.0,27605,21484,5826.0,32,5828.0,31,5830.0,46,5832.0,164,5834.0,87,5836.0,39,5838.0,178,5840.0,151,5842.0,29,5844.0,66,5834.0
TA410,,13:39:59.0#,5868.0,5874.0,5808.0,6214.0,5510.0,27605,21484,5826.0,32,5828.0,31,5830.0,46,5832.0,164,5834.0,87,5836.0,51,5838.0,178,5840.0,151,5842.0,29,5844.0,66,5834.0
TA410,,13:40:00.500#,5868.0,5874.0,5808.0,6214.0,5510.0,27605,21484,5826.0,32,5828.0,31,5830.0,46,5832.0,164,5834.0,67,5836.0,51,5838.0,178,5840.0,151,5842.0,29,5844.0,66,5834.0
TA410,,13:40:00.750#,5868.0,5874.0,5808.0,6214.0,5510.0,27605,21484,5826.0,32,5828.0,31,5830.0,46,5832.0,164,5834.0,85,5836.0,51,5838.0,178,5840.0,151,5842.0,29,5844.0,66,5834.0
TA410,,13:40:01.750#,5868.0,5874.0,5808.0,6214.0,5510.0,27605,21484,5826.0,32,5828.0,31,5830.0,46,5832.0,164,5834.0,65,5836.0,51,5838.0,178,5840.0,151,5842.0,29,5844.0,66,5834.0
TA410,,13:40:02.750#,5868.0,5874.0,5808.0,6214.0,5510.0,27605,21484,5826.0,32,5828.0,31,5830.0,46,5832.0,164,5834.0,65,5836.0,46,5838.0,178,5840.0,151,5842.0,29,5844.0,66,5834.0
TA410,,13:40:03.0#,5868.0,5874.0,5808.0,6214.0,5510.0,27605,21484,5826.0,32,5828.0,31,5830.0,46,5832.0,164,5834.0,67,5836.0,46,5838.0,178,5840.0,151,5842.0,29,5844.0,66,5834.0
TA410,,13:40:03.250#,5868.0,5874.0,5808.0,6214.0,5510.0,27605,21484,5826.0,32,5828.0,31,5830.0,46,5832.0,164,5834.0,91,5836.0,41,5838.0,178,5840.0,151,5842.0,29,5844.0,66,5834.0
TA410,,13:40:03.500#,5868.0,5874.0,5808.0,6214.0,5510.0,27609,21486,5826.0,31,5828.0,31,5830.0,46,5832.0,114,5834.0,109,5836.0,36,5838.0,98,5840.0,191,5842.0,39,5844.0,66,5836.0
TA410,,13:40:03.750#,5868.0,5874.0,5808.0,6214.0,5510.0,27609,21486,5826.0,31,5828.0,31,5830.0,67,5832.0,84,5834.0,129,5836.0,39,5838.0,98,5840.0,191,5842.0,49,5844.0,66,5836.0
TA410,,13:40:04.0#,5868.0,5874.0,5808.0,6214.0,5510.0,27648,21453,5826.0,31,5828.0,31,5830.0,67,5832.0,84,5834.0,193,5838.0,120,5840.0,196,5842.0,49,5844.0,66,5846.0,36,5836.0
TA410,,13:40:04.250#,5868.0,5874.0,5808.0,6214.0,5510.0,27648,21453,5826.0,31,5828.0,43,5830.0,67,5832.0,74,5834.0,213,5838.0,139,5840.0,216,5842.0,38,5844.0,66,5846.0,38,5836.0
TA410,,13:40:04.500#,5868.0,5874.0,5808.0,6214.0,5510.0,27648,21453,5828.0,43,5830.0,67,5832.0,64,5834.0,129,5836.0,30,5838.0,119,5840.0,236,5842.0,38,5844.0,66,5846.0,39,5836.0
TA410,,13:40:04.750#,5868.0,5874.0,5808.0,6214.0,5510.0,27648,21453,5828.0,43,5830.0,47,5832.0,51,5834.0,159,5836.0,35,5838.0,89,5840.0,236,5842.0,48,5844.0,66,5846.0,39,5836.0
TA410,,13:40:05.0#,5868.0,5874.0,5808.0,6214.0,5510.0,27672,21449,5828.0,43,5830.0,47,5832.0,51,5834.0,159,5836.0,11,5838.0,69,5840.0,266,5842.0,38,5844.0,66,5846.0,39,5836.0
TA410,,13:40:05.250#,5868.0,5874.0,5808.0,6214.0,5510.0,27683,21443,5826.0,44,5828.0,43,5830.0,47,5832.0,51,5834.0,253,5838.0,123,5840.0,256,5842.0,38,5844.0,66,5846.0,39,5836.0
TA410,,13:40:05.500#,5868.0,5874.0,5808.0,6214.0,5510.0,27683,21443,5826.0,31,5828.0,43,5830.0,47,5832.0,81,5834.0,223,5838.0,163,5840.0,216,5842.0,38,5844.0,66,5846.0,39,5836.0
TA410,,13:40:09.0#,5868.0,5874.0,5808.0,6214.0,5510.0,27683,21443,5826.0,31,5828.0,43,5830.0,47,5832.0,81,5834.0,234,5838.0,174,5840.0,216,5842.0,38,5844.0,66,5846.0,39,5836.0
TA410,,13:40:09.250#,5868.0,5874.0,5808.0,6214.0,5510.0,27683,21443,5826.0,31,5828.0,43,5830.0,47,5832.0,61,5834.0,254,5838.0,154,5840.0,221,5842.0,38,5844.0,66,5846.0,39,5836.0
TA410,,13:40:10.250#,5868.0,5874.0,5808.0,6214.0,5510.0,27683,21443,5828.0,43,5830.0,47,5832.0,61,5834.0,170,5836.0,5,5838.0,154,5840.0,221,5842.0,38,5844.0,66,5846.0,39,5836.0
TA410,,13:40:10.500#,5868.0,5874.0,5808.0,6214.0,5510.0,27688,21438,5828.0,43,5830.0,47,5832.0,51,5834.0,179,5836.0,3,5838.0,153,5840.0,222,5842.0,38,5844.0,66,5846.0,39,5836.0
TA410,,13:40:10.750#,5868.0,5874.0,5808.0,6214.0,5510.0,27690,21438,5828.0,43,5830.0,47,5832.0,51,5834.0,179,5836.0,1,5838.0,153,5840.0,222,5842.0,38,5844.0,66,5846.0,39,5836.0
TA410,,13:40:11.0#,5868.0,5874.0,5808.0,6214.0,5510.0,27691,21438,5826.0,29,5828.0,43,5830.0,47,5832.0,51,5834.0,263,5836.0,1,5838.0,141,5840.0,221,5842.0,38,5844.0,66,5836.0
TA410,,13:40:11.250#,5868.0,5874.0,5808.0,6214.0,5510.0,27691,21438,5826.0,31,5828.0,43,5830.0,47,5832.0,61,5834.0,253,5836.0,6,5838.0,151,5840.0,211,5842.0,38,5844.0,66,5836.0
TA410,,13:40:11.500#,5868.0,5874.0,5808.0,6214.0,5510.0,27691,21438,5826.0,31,5828.0,43,5830.0,57,5832.0,61,5834.0,252,5836.0,6,5838.0,161,5840.0,211,5842.0,28,5844.0,66,5836.0
TA410,,13:40:13.0#,5868.0,5874.0,5808.0,6214.0,5510.0,27696,21433,5826.0,26,5828.0,43,5830.0,57,5832.0,61,5834.0,256,5836.0,1,5838.0,162,5840.0,211,5842.0,28,5844.0,66,5836.0
TA410,,13:40:13.250#,5868.0,5874.0,5808.0,6214.0,5510.0,27696,21433,5826.0,31,5828.0,43,5830.0,57,5832.0,61,5834.0,256,5836.0,1,5838.0,152,5840.0,221,5842.0,28,5844.0,66,5836.0
TA410,,13:40:13.500#,5868.0,5874.0,5808.0,6214.0,5510.0,27697,21432,5828.0,43,5830.0,57,5832.0,61,5834.0,172,5836.0,4,5838.0,164,5840.0,221,5842.0,28,5844.0,66,5846.0,37,5836.0
TA410,,13:40:13.750#,5868.0,5874.0,5808.0,6214.0,5510.0,27697,21432,5828.0,43,5830.0,57,5832.0,71,5834.0,162,5836.0,10,5838.0,184,5840.0,191,5842.0,38,5844.0,66,5846.0,39,5836.0
TA410,,13:40:14.0#,5868.0,5874.0,5808.0,6214.0,5510.0,27697,21432,5828.0,43,5830.0,47,5832.0,51,5834.0,191,5836.0,11,5838.0,154,5840.0,221,5842.0,38,5844.0,66,5846.0,39,5836.0
TA410,,13:40:14.250#,5868.0,5874.0,5808.0,6214.0,5510.0,27708,21426,5826.0,24,5828.0,43,5830.0,47,5832.0,51,5834.0,265,5838.0,144,5840.0,221,5842.0,38,5844.0,66,5846.0,39,5836.0
TA410,,13:40:14.500#,5868.0,5874.0,5808.0,6214.0,5510.0,27708,21426,5826.0,31,5828.0,43,5830.0,47,5832.0,61,5834.0,266,5838.0,154,5840.0,221,5842.0,38,5844.0,66,5846.0,39,5836.0
TA410,,13:40:16.250#,5868.0,5874.0,5808.0,6214.0,5510.0,27708,21426,5828.0,43,5830.0,47,5832.0,61,5834.0,182,5836.0,5,5838.0,154,5840.0,221,5842.0,38,5844.0,66,5846.0,39,5836.0
TA410,,13:40:16.500#,5868.0,5874.0,5808.0,6214.0,5510.0,27708,21426,5828.0,43,5830.0,47,5832.0,51,5834.0,191,5836.0,6,5838.0,153,5840.0,222,5842.0,38,5844.0,66,5846.0,39,5836.0
TA410,,13:40:17.0#,5868.0,5874.0,5808.0,6214.0,5510.0,27709,21426,5828.0,43,5830.0,47,5832.0,51,5834.0,191,5836.0,5,5838.0,152,5840.0,222,5842.0,38,5844.0,66,5846.0,39,5836.0
TA410,,13:40:17.250#,5868.0,5874.0,5808.0,6214.0,5510.0,27709,21426,5828.0,43,5830.0,47,5832.0,51,5834.0,191,5836.0,6,5838.0,152,5840.0,222,5842.0,38,5844.0,66,5846.0,39,5836.0
TA410,,13:40:17.500#,5868.0,5874.0,5808.0,6214.0,5510.0,27709,21426,5828.0,43,5830.0,47,5832.0,51,5834.0,191,5836.0,6,5838.0,142,5840.0,232,5842.0,38,5844.0,66,5846.0,39,5836.0
TA410,,13:40:19.0#,5868.0,5874.0,5808.0,6214.0,5510.0,27709,21426,5828.0,43,5830.0,47,5832.0,41,5834.0,201,5836.0,6,5838.0,142,5840.0,242,5842.0,28,5844.0,66,5846.0,39,5836.0
TA410,,13:40:23.250#,5868.0,5874.0,5808.0,6214.0,5510.0,27709,21426,5828.0,43,5830.0,47,5832.0,41,5834.0,196,5836.0,11,5838.0,138,5840.0,242,5842.0,28,5844.0,66,5846.0,39,5836.0
TA410,,13:40:23.500#,5868.0,5874.0,5808.0,6214.0,5510.0,27709,21426,5828.0,43,5830.0,47,5832.0,41,5834.0,195,5836.0,12,5838.0,138,5840.0,242,5842.0,28,5844.0,66,5846.0,39,5836.0
TA410,,13:40:23.750#,5868.0,5874.0,5808.0,6214.0,5510.0,27709,21426,5828.0,43,5830.0,47,5832.0,41,5834.0,195,5836.0,12,5838.0,138,5840.0,242,5842.0,27,5844.0,66,5846.0,39,5836.0
TA410,,13:40:25.250#,5868.0,5874.0,5808.0,6214.0,5510.0,27709,21426,5828.0,43,5830.0,47,5832.0,41,5834.0,195,5836.0,12,5838.0,134,5840.0,242,5842.0,27,5844.0,66,5846.0,39,5836.0
TA410,,13:40:25.500#,5868.0,5874.0,5808.0,6214.0,5510.0,27713,21430,5828.0,43,5830.0,47,5832.0,41,5834.0,175,5836.0,38,5838.0,109,5840.0,252,5842.0,27,5844.0,66,5846.0,39,5836.0
TA410,,13:40:25.750#,5868.0,5874.0,5808.0,6214.0,5510.0,27713,21430,5828.0,43,5830.0,47,5832.0,41,5834.0,185,5836.0,55,5838.0,87,5840.0,272,5842.0,37,5844.0,66,5846.0,39,5836.0
TA410,,13:40:26.0#,5868.0,5874.0,5808.0,6214.0,5510.0,27713,21430,5828.0,43,5830.0,47,5832.0,41,5834.0,175,5836.0,60,5838.0,77,5840.0,292,5842.0,27,5844.0,66,5846.0,39,5836.0
TA410,,13:40:26.500#,5868.0,5874.0,5808.0,6214.0,5510.0,27713,21430,5828.0,43,5830.0,47,5832.0,41,5834.0,175,5836.0,65,5838.0,77,5840.0,292,5842.0,27,5844.0,66,5846.0,39,5836.0
TA410,,13:40:26.750#,5868.0,5874.0,5808.0,6214.0,5510.0,27713,21430,5828.0,43,5830.0,47,5832.0,41,5834.0,175,5836.0,66,5838.0,79,5840.0,292,5842.0,27,5844.0,66,5846.0,39,5836.0
TA410,,13:40:27.500#,5868.0,5874.0,5808.0,6214.0,5510.0,27713,21430,5828.0,43,5830.0,47,5832.0,41,5834.0,175,5836.0,56,5838.0,79,5840.0,292,5842.0,27,5844.0,66,5846.0,39,5836.0
TA410,,13:40:27.750#,5868.0,5874.0,5808.0,6214.0,5510.0,27713,21430,5828.0,43,5830.0,47,5832.0,41,5834.0,175,5836.0,62,5838.0,79,5840.0,292,5842.0,27,5844.0,66,5846.0,39,5836.0
TA410,,13:40:28.0#,5868.0,5874.0,5808.0,6214.0,5510.0,27713,21430,5828.0,43,5830.0,47,5832.0,41,5834.0,175,5836.0,66,5838.0,79,5840.0,292,5842.0,27,5844.0,66,5846.0,39,5836.0
TA410,,13:40:28.750#,5868.0,5874.0,5808.0,6214.0,5510.0,27713,21430,5828.0,43,5830.0,47,5832.0,41,5834.0,175,5836.0,72,5838.0,79,5840.0,292,5842.0,27,5844.0,66,5846.0,39,5836.0
TA410,,13:40:29.250#,5868.0,5874.0,5808.0,6214.0,5510.0,27713,21430,5828.0,43,5830.0,47,5832.0,41,5834.0,175,5836.0,72,5838.0,74,5840.0,292,5842.0,27,5844.0,66,5846.0,39,5836.0
TA410,,13:40:29.500#,5868.0,5874.0,5808.0,6214.0,5510.0,27713,21430,5828.0,43,5830.0,47,5832.0,41,5834.0,175,5836.0,72,5838.0,54,5840.0,292,5842.0,27,5844.0,66,5846.0,39,5836.0
TA410,,13:40:29.750#,5868.0,5874.0,5808.0,6214.0,5510.0,27713,21430,5828.0,43,5830.0,47,5832.0,41,5834.0,165,5836.0,82,5838.0,43,5840.0,302,5842.0,27,5844.0,66,5846.0,39,5836.0
TA410,,13:40:30.0#,5868.0,5874.0,5808.0,6214.0,5510.0,27713,21430,5828.0,43,5830.0,47,5832.0,41,5834.0,135,5836.0,71,5838.0,42,5840.0,232,5842.0,57,5844.0,66,5846.0,39,5836.0
TA410,,13:40:30.250#,5868.0,5874.0,5808.0,6214.0,5510.0,27713,21430,5828.0,43,5830.0,47,5832.0,41,5834.0,145,5836.0,81,5838.0,66,5840.0,252,5842.0,57,5844.0,66,5846.0,39,5836.0
TA410,,13:40:30.500#,5868.0,5874.0,5808.0,6214.0,5510.0,27713,21430,5828.0,43,5830.0,47,5832.0,51,5834.0,155,5836.0,81,5838.0,66,5840.0,302,5842.0,27,5844.0,66,5846.0,39,5836.0
TA410,,13:40:31.0#,5868.0,5874.0,5808.0,6214.0,5510.0,27713,21430,5828.0,43,5830.0,47,5832.0,41,5834.0,165,5836.0,81,5838.0,66,5840.0,302,5842.0,27,5844.0,66,5846.0,39,5836.0
TA410,,13:40:31.500#,5868.0,5874.0,5808.0,6214.0,5510.0,27713,21430,5828.0,43,5830.0,47,5832.0,41,5834.0,155,5836.0,81,5838.0,61,5840.0,282,5842.0,37,5844.0,66,5846.0,39,5836.0
TA410,,13:40:31.750#,5868.0,5874.0,5808.0,6214.0,5510.0,27713,21430,5828.0,43,5830.0,47,5832.0,41,5834.0,145,5836.0,81,5838.0,66,5840.0,252,5842.0,57,5844.0,66,5846.0,39,5836.0
TA410,,13:40:32.250#,5868.0,5874.0,5808.0,6214.0,5510.0,27713,21430,5828.0,43,5830.0,47,5832.0,51,5834.0,155,5836.0,81,5838.0,66,5840.0,302,5842.0,27,5844.0,66,5846.0,39,5836.0
TA410,,13:40:33.0#,5868.0,5874.0,5808.0,6214.0,5510.0,27713,21430,5828.0,43,5830.0,47,5832.0,41,5834.0,165,5836.0,81,5838.0,66,5840.0,302,5842.0,27,5844.0,66,5846.0,39,5836.0
TA410,,13:40:34.500#,5868.0,5874.0,5808.0,6214.0,5510.0,27713,21430,5828.0,43,5830.0,47,5832.0,41,5834.0,165,5836.0,120,5838.0,66,5840.0,302,5842.0,27,5844.0,66,5846.0,39,5836.0
TA410,,13:40:34.750#,5868.0,5874.0,5808.0,6214.0,5510.0,27713,21430,5828.0,43,5830.0,47,5832.0,41,5834.0,125,5836.0,181,5838.0,61,5840.0,272,5842.0,57,5844.0,66,5846.0,39,5836.0
TA410,,13:40:35.0#,5868.0,5874.0,5808.0,6214.0,5510.0,27713,21430,5828.0,43,5830.0,47,5832.0,41,5834.0,115,5836.0,195,5838.0,61,5840.0,272,5842.0,57,5844.0,66,5846.0,39,5836.0
TA410,,13:40:35.500#,5868.0,5874.0,5808.0,6214.0,5510.0,27713,21430,5828.0,43,5830.0,47,5832.0,41,5834.0,115,5836.0,138,5838.0,61,5840.0,282,5842.0,47,5844.0,66,5846.0,39,5836.0
TA410,,13:40:35.750#,5868.0,5874.0,5808.0,6214.0,5510.0,27713,21430,5828.0,43,5830.0,47,5832.0,41,5834.0,125,5836.0,122,5838.0,65,5840.0,282,5842.0,47,5844.0,66,5846.0,39,5836.0
TA410,,13:40:36.0#,5868.0,5874.0,5808.0,6214.0,5510.0,27713,21430,5828.0,43,5830.0,47,5832.0,41,5834.0,136,5836.0,111,5838.0,71,5840.0,291,5842.0,37,5844.0,66,5846.0,39,5836.0
TA410,,13:40:36.250#,5868.0,5874.0,5808.0,6214.0,5510.0,27713,21430,5828.0,43,5830.0,47,5832.0,41,5834.0,136,5836.0,111,5838.0,71,5840.0,301,5842.0,27,5844.0,66,5846.0,39,5836.0
TA410,,13:40:37.0#,5868.0,5874.0,5808.0,6214.0,5510.0,27713,21430,5828.0,43,5830.0,47,5832.0,41,5834.0,135,5836.0,112,5838.0,70,5840.0,302,5842.0,27,5844.0,66,5846.0,39,5836.0
TA410,,13:40:38.250#,5868.0,5874.0,5808.0,6214.0,5510.0,27713,21430,5828.0,43,5830.0,47,5832.0,41,5834.0,135,5836.0,102,5838.0,70,5840.0,292,5842.0,27,5844.0,66,5846.0,39,5836.0
TA410,,13:40:38.250#,5868.0,5874.0,5808.0,6214.0,5510.0,27713,21430,5828.0,43,5830.0,47,5832.0,41,5834.0,135,5836.0,102,5838.0,70,5840.0,292,5842.0,27,5844.0,66,5846.0,39,5836.0
TA410,,13:40:38.500#,5868.0,5874.0,5808.0,6214.0,5510.0,27713,21430,5828.0,43,5830.0,47,5832.0,41,5834.0,155,5836.0,92,5838.0,70,5840.0,302,5842.0,27,5844.0,66,5846.0,39,5836.0
TA410,,13:40:38.750#,5868.0,5874.0,5808.0,6214.0,5510.0,27713,21430,5828.0,43,5830.0,47,5832.0,41,5834.0,155,5836.0,105,5838.0,70,5840.0,272,5842.0,37,5844.0,66,5846.0,39,5836.0
TA410,,13:40:39.0#,5868.0,5874.0,5808.0,6214.0,5510.0,27713,21430,5828.0,43,5830.0,47,5832.0,41,5834.0,125,5836.0,176,5838.0,65,5840.0,262,5842.0,57,5844.0,66,5846.0,39,5836.0
TA410,,13:40:39.250#,5868.0,5874.0,5808.0,6214.0,5510.0,27713,21430,5828.0,43,5830.0,47,5832.0,41,5834.0,105,5836.0,206,5838.0,65,5840.0,272,5842.0,57,5844.0,66,5846.0,39,5836.0
TA410,,13:40:39.500#,5868.0,5874.0,5808.0,6214.0,5510.0,27713,21430,5828.0,43,5830.0,47,5832.0,41,5834.0,115,5836.0,132,5838.0,65,5840.0,272,5842.0,57,5844.0,66,5846.0,39,5836.0
TA410,,13:40:39.750#,5868.0,5874.0,5808.0,6214.0,5510.0,27713,21430,5828.0,43,5830.0,47,5832.0,41,5834.0,135,5836.0,102,5838.0,70,5840.0,282,5842.0,37,5844.0,66,5846.0,39,5836.0
TA410,,13:40:40.0#,5868.0,5874.0,5808.0,6214.0,5510.0,27713,21430,5828.0,43,5830.0,47,5832.0,41,5834.0,145,5836.0,102,5838.0,70,5840.0,302,5842.0,27,5844.0,66,5846.0,39,5836.0
TA410,,13:40:40.500#,5868.0,5874.0,5808.0,6214.0,5510.0,27713,21430,5828.0,43,5830.0,47,5832.0,41,5834.0,135,5836.0,112,5838.0,70,5840.0,302,5842.0,27,5844.0,66,5846.0,39,5836.0
TA410,,13:40:40.750#,5868.0,5874.0,5808.0,6214.0,5510.0,27713,21430,5828.0,43,5830.0,47,5832.0,41,5834.0,125,5836.0,122,5838.0,70,5840.0,302,5842.0,27,5844.0,66,5846.0,39,5836.0
TA410,,13:40:43.250#,5868.0,5874.0,5808.0,6214.0,5510.0,27713,21430,5828.0,43,5830.0,47,5832.0,41,5834.0,125,5836.0,122,5838.0,70,5840.0,302,5842.0,27,5844.0,66,5846.0,39,5836.0
TA410,,13:40:43.750#,5868.0,5874.0,5808.0,6214.0,5510.0,27713,21430,5828.0,43,5830.0,47,5832.0,41,5834.0,125,5836.0,112,5838.0,70,5840.0,282,5842.0,37,5844.0,66,5846.0,39,5836.0
TA410,,13:40:44.0#,5868.0,5874.0,5808.0,6214.0,5510.0,27713,21430,5828.0,43,5830.0,47,5832.0,41,5834.0,125,5836.0,122,5838.0,65,5840.0,292,5842.0,37,5844.0,66,5846.0,39,5836.0
TA410,,13:40:44.250#,5868.0,5874.0,5808.0,6214.0,5510.0,27713,21430,5828.0,43,5830.0,47,5832.0,41,5834.0,125,5836.0,122,5838.0,70,5840.0,302,5842.0,27,5844.0,66,5846.0,39,5836.0
TA410,,13:40:45.250#,5868.0,5874.0,5808.0,6214.0,5510.0,27713,21430,5828.0,43,5830.0,47,5832.0,41,5834.0,125,5836.0,122,5838.0,70,5840.0,292,5842.0,37,5844.0,66,5846.0,39,5836.0
TA410,,13:40:45.500#,5868.0,5874.0,5808.0,6214.0,5510.0,27713,21430,5828.0,43,5830.0,47,5832.0,41,5834.0,125,5836.0,122,5838.0,70,5840.0,302,5842.0,27,5844.0,66,5846.0,39,5836.0
TA410,,13:40:46.250#,5868.0,5874.0,5808.0,6214.0,5510.0,27713,21430,5828.0,43,5830.0,47,5832.0,41,5834.0,135,5836.0,112,5838.0,70,5840.0,302,5842.0,27,5844.0,66,5846.0,39,5836.0
TA410,,13:40:47.500#,5868.0,5874.0,5808.0,6214.0,5510.0,27713,21430,5828.0,43,5830.0,47,5832.0,41,5834.0,135,5836.0,102,5838.0,70,5840.0,292,5842.0,27,5844.0,66,5846.0,39,5836.0
TA410,,13:40:47.750#,5868.0,5874.0,5808.0,6214.0,5510.0,27713,21430,5828.0,43,5830.0,47,5832.0,41,5834.0,155,5836.0,92,5838.0,70,5840.0,302,5842.0,27,5844.0,66,5846.0,39,5836.0
TA410,,13:40:48.0#,5868.0,5874.0,5808.0,6214.0,5510.0,27713,21430,5828.0,43,5830.0,47,5832.0,41,5834.0,165,5836.0,82,5838.0,70,5840.0,302,5842.0,27,5844.0,66,5846.0,39,5836.0
TA410,,13:40:49.0#,5868.0,5874.0,5808.0,6214.0,5510.0,27713,21430,5828.0,43,5830.0,47,5832.0,41,5834.0,175,5836.0,72,5838.0,100,5840.0,292,5842.0,27,5844.0,66,5846.0,39,5836.0
TA410,,13:40:49.250#,5868.0,5874.0,5808.0,6214.0,5510.0,27713,21430,5828.0,43,5830.0,47,5832.0,41,5834.0,185,5836.0,62,5838.0,130,5840.0,262,5842.0,27,5844.0,66,5846.0,39,5836.0
TA410,,13:40:49.500#,5868.0,5874.0,5808.0,6214.0,5510.0,27713,21430,5828.0,43,5830.0,47,5832.0,41,5834.0,185,5836.0,62,5838.0,140,5840.0,252,5842.0,27,5844.0,66,5846.0,39,5836.0
TA410,,13:40:50.250#,5868.0,5874.0,5808.0,6214.0,5510.0,27713,21430,5828.0,43,5830.0,47,5832.0,41,5834.0,185,5836.0,62,5838.0,145,5840.0,252,5842.0,27,5844.0,66,5846.0,39,5836.0
TA410,,13:40:51.0#,5868.0,5874.0,5808.0,6214.0,5510.0,27713,21430,5828.0,43,5830.0,47,5832.0,41,5834.0,185,5836.0,42,5838.0,145,5840.0,252,5842.0,27,5844.0,66,5846.0,39,5836.0
TA410,,13:40:51.250#,5868.0,5874.0,5808.0,6214.0,5510.0,27713,21430,5828.0,43,5830.0,47,5832.0,41,5834.0,195,5836.0,32,5838.0,145,5840.0,252,5842.0,27,5844.0,66,5846.0,39,5836.0
TA410,,13:40:51.500#,5868.0,5874.0,5808.0,6214.0,5510.0,27713,21430,5828.0,43,5830.0,47,5832.0,41,5834.0,195,5836.0,12,5838.0,157,5840.0,252,5842.0,27,5844.0,66,5846.0,39,5836.0
TA410,,13:40:51.750#,5868.0,5874.0,5808.0,6214.0,5510.0,27725,21424,5826.0,26,5828.0,43,5830.0,47,5832.0,41,5834.0,269,5836.0,1,5838.0,150,5840.0,241,5842.0,27,5844.0,66,5836.0
TA410,,13:40:52.0#,5868.0,5874.0,5808.0,6214.0,5510.0,27733,21429,5826.0,31,5828.0,43,5830.0,47,5832.0,61,5834.0,252,5836.0,7,5838.0,178,5840.0,211,5842.0,27,5844.0,67,5836.0
TA410,,13:40:52.250#,5868.0,5874.0,5808.0,6214.0,5510.0,27742,21436,5828.0,43,5830.0,47,5832.0,71,5834.0,166,5836.0,12,5838.0,188,5840.0,201,5842.0,27,5844.0,67,5846.0,39,5836.0
TA410,,13:40:52.500#,5868.0,5874.0,5808.0,6214.0,5510.0,27742,21436,5828.0,43,5830.0,47,5832.0,51,5834.0,186,5836.0,3,5838.0,168,5840.0,221,5842.0,27,5844.0,67,5846.0,39,5836.0
TA410,,13:40:52.750#,5868.0,5874.0,5808.0,6214.0,5510.0,27742,21436,5828.0,43,5830.0,47,5832.0,41,5834.0,196,5836.0,3,5838.0,158,5840.0,232,5842.0,27,5844.0,67,5846.0,39,5836.0
TA410,,13:40:53.0#,5868.0,5874.0,5808.0,6214.0,5510.0,27742,21436,5828.0,43,5830.0,47,5832.0,41,5834.0,196,5836.0,15,5838.0,148,5840.0,242,5842.0,27,5844.0,67,5846.0,39,5836.0
TA410,,13:40:53.250#,5868.0,5874.0,5808.0,6214.0,5510.0,27742,21436,5828.0,43,5830.0,47,5832.0,41,5834.0,196,5836.0,15,5838.0,143,5840.0,242,5842.0,27,5844.0,67,5846.0,39,5836.0
TA410,,13:40:54.0#,5868.0,5874.0,5808.0,6214.0,5510.0,27742,21436,5828.0,43,5830.0,47,5832.0,41,5834.0,196,5836.0,4,5838.0,143,5840.0,242,5842.0,27,5844.0,67,5846.0,39,5836.0
TA410,,13:40:54.250#,5868.0,5874.0,5808.0,6214.0,5510.0,27742,21436,5828.0,43,5830.0,47,5832.0,41,5834.0,196,5836.0,15,5838.0,143,5840.0,242,5842.0,27,5844.0,67,5846.0,39,5836.0
TA410,,13:40:55.750#,5868.0,5874.0,5808.0,6214.0,5510.0,27742,21436,5828.0,43,5830.0,47,5832.0,41,5834.0,196,5836.0,15,5838.0,153,5840.0,232,5842.0,27,5844.0,67,5846.0,39,5836.0
TA410,,13:40:56.0#,5868.0,5874.0,5808.0,6214.0,5510.0,27742,21436,5828.0,43,5830.0,47,5832.0,41,5834.0,195,5836.0,16,5838.0,153,5840.0,232,5842.0,27,5844.0,67,5846.0,39,5836.0
TA410,,13:40:56.250#,5868.0,5874.0,5808.0,6214.0,5510.0,27742,21436,5828.0,43,5830.0,47,5832.0,41,5834.0,195,5836.0,13,5838.0,154,5840.0,232,5842.0,27,5844.0,67,5846.0,39,5836.0
TA410,,13:40:56.500#,5868.0,5874.0,5808.0,6214.0,5510.0,27742,21436,5828.0,43,5830.0,47,5832.0,51,5834.0,185,5836.0,13,5838.0,164,5840.0,222,5842.0,27,5844.0,67,5846.0,39,5836.0
TA410,,13:40:56.750#,5868.0,5874.0,5808.0,6214.0,5510.0,27747,21434,5828.0,43,5830.0,47,5832.0,51,5834.0,175,5836.0,4,5838.0,154,5840.0,221,5842.0,27,5844.0,67,5846.0,39,5836.0
TA410,,13:40:57.0#,5868.0,5874.0,5808.0,6214.0,5510.0,27747,21434,5828.0,43,5830.0,47,5832.0,51,5834.0,186,5836.0,6,5838.0,172,5840.0,221,5842.0,27,5844.0,67,5846.0,39,5836.0
TA410,,13:40:57.250#,5868.0,5874.0,5808.0,6214.0,5510.0,27753,21430,5826.0,29,5828.0,43,5830.0,47,5832.0,51,5834.0,262,5838.0,175,5840.0,221,5842.0,27,5844.0,67,5846.0,39,5836.0
TA410,,13:40:57.500#,5868.0,5874.0,5808.0,6214.0,5510.0,27753,21430,5826.0,31,5828.0,43,5830.0,47,5832.0,81,5834.0,237,5838.0,195,5840.0,201,5842.0,27,5844.0,67,5846.0,39,5836.0
TA410,,13:40:57.750#,5868.0,5874.0,5808.0,6214.0,5510.0,27753,21430,5826.0,31,5828.0,43,5830.0,47,5832.0,81,5834.0,237,5838.0,211,5840.0,201,5842.0,27,5844.0,67,5846.0,39,5836.0
TA410,,13:40:58.0#,5868.0,5874.0,5808.0,6214.0,5510.0,27753,21430,5826.0,31,5828.0,43,5830.0,47,5832.0,81,5834.0,237,5838.0,212,5840.0,201,5842.0,27,5844.0,67,5846.0,39,5836.0
TA410,,13:40:58.250#,5868.0,5874.0,5808.0,6214.0,5510.0,27753,21430,5826.0,31,5828.0,43,5830.0,47,5832.0,81,5834.0,238,5838.0,214,5840.0,201,5842.0,27,5844.0,67,5846.0,39,5836.0
TA410,,13:40:58.500#,5868.0,5874.0,5808.0,6214.0,5510.0,27753,21430,5828.0,43,5830.0,47,5832.0,81,5834.0,166,5836.0,12,5838.0,197,5840.0,211,5842.0,27,5844.0,67,5846.0,39,5836.0
TA410,,13:40:58.750#,5868.0,5874.0,5808.0,6214.0,5510.0,27753,21430,5828.0,43,5830.0,47,5832.0,71,5834.0,170,5836.0,18,5838.0,182,5840.0,222,5842.0,27,5844.0,67,5846.0,39,5836.0
TA410,,13:40:59.0#,5868.0,5874.0,5808.0,6214.0,5510.0,27753,21430,5828.0,43,5830.0,47,5832.0,51,5834.0,190,5836.0,18,5838.0,162,5840.0,242,5842.0,27,5844.0,67,5846.0,39,5836.0
TA410,,13:41:00.0#,5868.0,5874.0,5808.0,6214.0,5510.0,27753,21430,5828.0,43,5830.0,47,5832.0,51,5834.0,190,5836.0,18,5838.0,163,5840.0,242,5842.0,27,5844.0,67,5846.0,39,5836.0
TA410,,13:41:00.500#,5868.0,5874.0,5808.0,6214.0,5510.0,27753,21430,5828.0,43,5830.0,47,5832.0,51,5834.0,190,5836.0,18,5838.0,163,5840.0,242,5842.0,27,5844.0,67,5846.0,39,5836.0
TA410,,13:41:01.0#,5868.0,5874.0,5808.0,6214.0,5510.0,27753,21430,5828.0,43,5830.0,47,5832.0,51,5834.0,180,5836.0,23,5838.0,163,5840.0,232,5842.0,27,5844.0,67,5846.0,39,5836.0
TA410,,13:41:01.250#,5868.0,5874.0,5808.0,6214.0,5510.0,27753,21430,5828.0,43,5830.0,47,5832.0,41,5834.0,199,5836.0,24,5838.0,153,5840.0,252,5842.0,27,5844.0,67,5846.0,39,5836.0
TA410,,13:41:01.500#,5868.0,5874.0,5808.0,6214.0,5510.0,27753,21430,5828.0,43,5830.0,47,5832.0,41,5834.0,189,5836.0,54,5838.0,137,5840.0,262,5842.0,27,5844.0,67,5846.0,39,5836.0
TA410,,13:41:01.750#,5868.0,5874.0,5808.0,6214.0,5510.0,27762,21430,5828.0,43,5830.0,47,5832.0,41,5834.0,189,5836.0,45,5838.0,147,5840.0,252,5842.0,27,5844.0,67,5846.0,39,5836.0
TA410,,13:41:02.0#,5868.0,5874.0,5808.0,6214.0,5510.0,27762,21430,5828.0,43,5830.0,47,5832.0,41,5834.0,199,5836.0,35,5838.0,147,5840.0,252,5842.0,27,5844.0,67,5846.0,39,5836.0
TA410,,13:41:02.250#,5868.0,5874.0,5808.0,6214.0,5510.0,27762,21430,5828.0,43,5830.0,47,5832.0,41,5834.0,199,5836.0,35,5838.0,138,5840.0,252,5842.0,27,5844.0,67,5846.0,39,5836.0
TA410,,13:41:04.750#,5868.0,5874.0,5808.0,6214.0,5510.0,27762,21430,5828.0,43,5830.0,47,5832.0,41,5834.0,189,5836.0,45,5838.0,128,5840.0,262,5842.0,27,5844.0,67,5846.0,39,5836.0
TA410,,13:41:05.0#,5868.0,5874.0,5808.0,6214.0,5510.0,27762,21430,5828.0,43,5830.0,47,5832.0,41,5834.0,179,5836.0,55,5838.0,128,5840.0,262,5842.0,27,5844.0,67,5846.0,39,5836.0
TA410,,13:41:07.0#,5868.0,5874.0,5808.0,6214.0,5510.0,27762,21430,5828.0,43,5830.0,47,5832.0,41,5834.0,179,5836.0,55,5838.0,133,5840.0,262,5842.0,27,5844.0,67,5846.0,39,5836.0
TA410,,13:41:08.500#,5868.0,5874.0,5808.0,6214.0,5510.0,27765,21433,5828.0,43,5830.0,47,5832.0,41,5834.0,199,5836.0,32,5838.0,180,5840.0,242,5842.0,27,5844.0,67,5846.0,39,5836.0
TA410,,13:41:12.0#,5868.0,5874.0,5808.0,6214.0,5510.0,27765,21433,5828.0,43,5830.0,47,5832.0,41,5834.0,200,5836.0,6,5838.0,215,5840.0,232,5842.0,27,5844.0,67,5846.0,39,5836.0
TA410,,13:41:25.0#,5868.0,5874.0,5808.0,6214.0,5510.0,27765,21433,5826.0,31,5828.0,43,5830.0,47,5832.0,41,5834.0,311,5838.0,226,5840.0,221,5842.0,27,5844.0,67,5846.0,39,5836.0
TA410,,13:41:28.0#,5868.0,5874.0,5808.0,6214.0,5510.0,27765,21433,5826.0,31,5828.0,43,5830.0,47,5832.0,51,5834.0,304,5838.0,230,5840.0,221,5842.0,27,5844.0,67,5846.0,39,5836.0
TA410,,13:41:29.0#,5868.0,5874.0,5808.0,6214.0,5510.0,27765,21433,5826.0,31,5828.0,43,5830.0,47,5832.0,51,5834.0,294,5838.0,220,5840.0,221,5842.0,27,5844.0,67,5846.0,39,5836.0
TA410,,13:41:29.250#,5868.0,5874.0,5808.0,6214.0,5510.0,27765,21433,5826.0,31,5828.0,43,5830.0,47,5832.0,51,5834.0,304,5838.0,230,5840.0,221,5842.0,27,5844.0,67,5846.0,39,5836.0
TA410,,13:41:32.0#,5868.0,5874.0,5808.0,6214.0,5510.0,27765,21433,5826.0,31,5828.0,43,5830.0,47,5832.0,51,5834.0,303,5838.0,240,5840.0,211,5842.0,27,5844.0,67,5846.0,39,5836.0
TA410,,13:41:32.250#,5868.0,5874.0,5808.0,6214.0,5510.0,27765,21433,5826.0,31,5828.0,43,5830.0,47,5832.0,51,5834.0,298,5838.0,240,5840.0,211,5842.0,27,5844.0,67,5846.0,39,5836.0
TA410,,13:41:32.500#,5868.0,5874.0,5808.0,6214.0,5510.0,27765,21433,5826.0,31,5828.0,43,5830.0,47,5832.0,61,5834.0,276,5838.0,251,5840.0,201,5842.0,27,5844.0,67,5846.0,39,5836.0
TA410,,13:41:33.250#,5868.0,5874.0,5808.0,6214.0,5510.0,27765,21433,5826.0,31,5828.0,43,5830.0,47,5832.0,61,5834.0,273,5838.0,251,5840.0,201,5842.0,27,5844.0,67,5846.0,39,5836.0
TA410,,13:41:34.500#,5868.0,5874.0,5808.0,6214.0,5510.0,27765,21433,5826.0,31,5828.0,43,5830.0,47,5832.0,61,5834.0,274,5838.0,251,5840.0,201,5842.0,27,5844.0,67,5846.0,39,5836.0
TA410,,13:41:35.500#,5868.0,5874.0,5808.0,6214.0,5510.0,27765,21433,5826.0,31,5828.0,43,5830.0,47,5832.0,61,5834.0,260,5836.0,1,5838.0,219,5840.0,201,5842.0,27,5844.0,67,5836.0
TA410,,13:41:35.750#,5868.0,5874.0,5808.0,6214.0,5510.0,27765,21433,5826.0,31,5828.0,43,5830.0,47,5832.0,101,5834.0,220,5836.0,65,5838.0,224,5840.0,151,5842.0,27,5844.0,67,5836.0
TA410,,13:41:36.0#,5868.0,5874.0,5808.0,6214.0,5510.0,27765,21433,5826.0,31,5828.0,43,5830.0,57,5832.0,101,5834.0,206,5836.0,71,5838.0,208,5840.0,166,5842.0,37,5844.0,67,5836.0
TA410,,13:41:36.250#,5868.0,5874.0,5808.0,6214.0,5510.0,27765,21433,5826.0,31,5828.0,43,5830.0,57,5832.0,111,5834.0,132,5836.0,85,5838.0,208,5840.0,166,5842.0,37,5844.0,67,5836.0
TA410,,13:41:36.500#,5868.0,5874.0,5808.0,6214.0,5510.0,27765,21433,5826.0,31,5828.0,53,5830.0,46,5832.0,142,5834.0,86,5836.0,141,5838.0,177,5840.0,151,5842.0,27,5844.0,67,5836.0
TA410,,13:41:36.750#,5868.0,5874.0,5808.0,6214.0,5510.0,27765,21433,5826.0,32,5828.0,53,5830.0,46,5832.0,172,5834.0,61,5836.0,171,5838.0,147,5840.0,161,5842.0,28,5844.0,67,5836.0
TA410,,13:41:37.0#,5868.0,5874.0,5808.0,6214.0,5510.0,27765,21433,5826.0,32,5828.0,53,5830.0,46,5832.0,171,5834.0,67,5836.0,170,5838.0,148,5840.0,161,5842.0,28,5844.0,67,5836.0
TA410,,13:41:37.250#,5868.0,5874.0,5808.0,6214.0,5510.0,27765,21433,5826.0,32,5828.0,43,5830.0,46,5832.0,181,5834.0,131,5836.0,151,5838.0,158,5840.0,151,5842.0,28,5844.0,67,5836.0
TA410,,13:41:37.500#,5868.0,5874.0,5808.0,6214.0,5510.0,27765,21433,5826.0,31,5828.0,43,5830.0,46,5832.0,151,5834.0,156,5836.0,85,5838.0,158,5840.0,186,5842.0,28,5844.0,67,5836.0
TA410,,13:41:37.750#,5868.0,5874.0,5808.0,6214.0,5510.0,27765,21433,5826.0,31,5828.0,44,5830.0,46,5832.0,111,5834.0,206,5836.0,55,5838.0,198,5840.0,186,5842.0,28,5844.0,67,5836.0
TA410,,13:41:38.0#,5868.0,5874.0,5808.0,6214.0,5510.0,27765,21433,5826.0,31,5828.0,44,5830.0,46,5832.0,111,5834.0,206,5836.0,41,5838.0,198,5840.0,171,5842.0,28,5844.0,67,5836.0
TA410,,13:41:38.250#,5868.0,5874.0,5808.0,6214.0,5510.0,27765,21433,5826.0,31,5828.0,44,5830.0,46,5832.0,111,5834.0,206,5836.0,41,5838.0,208,5840.0,161,5842.0,28,5844.0,67,5836.0
TA410,,13:41:38.500#,5868.0,5874.0,5808.0,6214.0,5510.0,27765,21433,5826.0,31,5828.0,44,5830.0,46,5832.0,111,5834.0,206,5836.0,41,5838.0,218,5840.0,151,5842.0,28,5844.0,67,5836.0
TA410,,13:41:39.0#,5868.0,5874.0,5808.0,6214.0,5510.0,27765,21433,5826.0,31,5828.0,44,5830.0,46,5832.0,111,5834.0,206,5836.0,40,5838.0,218,5840.0,151,5842.0,28,5844.0,67,5836.0
TA410,,13:41:40.750#,5868.0,5874.0,5808.0,6214.0,5510.0,27765,21433,5826.0,31,5828.0,44,5830.0,46,5832.0,111,5834.0,196,5836.0,39,5838.0,208,5840.0,151,5842.0,28,5844.0,67,5836.0
TA410,,13:41:41.0#,5868.0,5874.0,5808.0,6214.0,5510.0,27765,21433,5826.0,31,5828.0,44,5830.0,46,5832.0,101,5834.0,236,5836.0,39,5838.0,218,5840.0,151,5842.0,28,5844.0,67,5836.0
TA410,,13:41:41.250#,5868.0,5874.0,5808.0,6214.0,5510.0,27765,21433,5826.0,31,5828.0,44,5830.0,46,5832.0,101,5834.0,249,5836.0,39,5838.0,208,5840.0,161,5842.0,28,5844.0,67,5836.0
TA410,,13:41:41.500#,5868.0,5874.0,5808.0,6214.0,5510.0,27765,21433,5826.0,31,5828.0,44,5830.0,46,5832.0,101,5834.0,252,5836.0,39,5838.0,218,5840.0,151,5842.0,28,5844.0,67,5836.0
TA410,,13:41:44.500#,5868.0,5874.0,5808.0,6214.0,5510.0,27804,21431,5828.0,45,5830.0,46,5832.0,61,5834.0,182,5836.0,3,5838.0,225,5840.0,191,5842.0,27,5844.0,67,5846.0,38,5836.0
TA410,,13:41:47.500#,5868.0,5874.0,5808.0,6214.0,5510.0,27807,21433,5828.0,44,5830.0,46,5832.0,61,5834.0,183,5836.0,5,5838.0,192,5840.0,221,5842.0,27,5844.0,68,5846.0,38,5836.0
TA410,,13:41:47.750#,5868.0,5874.0,5808.0,6214.0,5510.0,27807,21433,5828.0,44,5830.0,46,5832.0,61,5834.0,182,5836.0,6,5838.0,211,5840.0,202,5842.0,27,5844.0,68,5846.0,38,5836.0
TA410,,13:41:48.0#,5868.0,5874.0,5808.0,6214.0,5510.0,27807,21433,5828.0,44,5830.0,46,5832.0,41,5834.0,202,5836.0,6,5838.0,191,5840.0,222,5842.0,27,5844.0,68,5846.0,38,5836.0
TA410,,13:41:49.750#,5868.0,5874.0,5808.0,6214.0,5510.0,27816,21435,5828.0,44,5830.0,46,5832.0,71,5834.0,172,5836.0,2,5838.0,210,5840.0,191,5842.0,27,5844.0,68,5846.0,38,5836.0
TA410,,13:41:52.500#,5868.0,5874.0,5808.0,6214.0,5510.0,27816,21435,5828.0,44,5830.0,46,5832.0,41,5834.0,202,5836.0,8,5838.0,189,5840.0,232,5842.0,27,5844.0,68,5846.0,38,5836.0
TA410,,13:41:54.0#,5868.0,5874.0,5808.0,6214.0,5510.0,27816,21435,5828.0,44,5830.0,46,5832.0,41,5834.0,202,5836.0,8,5838.0,188,5840.0,232,5842.0,27,5844.0,68,5846.0,38,5836.0
TA410,,13:41:55.500#,5868.0,5874.0,5808.0,6214.0,5510.0,27816,21435,5828.0,44,5830.0,46,5832.0,41,5834.0,203,5836.0,8,5838.0,188,5840.0,232,5842.0,27,5844.0,68,5846.0,38,5836.0
TA410,,13:41:59.500#,5868.0,5874.0,5808.0,6214.0,5510.0,27816,21435,5828.0,44,5830.0,46,5832.0,41,5834.0,203,5836.0,13,5838.0,188,5840.0,232,5842.0,27,5844.0,68,5846.0,38,5836.0
TA410,,13:42:00.500#,5868.0,5874.0,5808.0,6214.0,5510.0,27816,21435,5828.0,44,5830.0,46,5832.0,51,5834.0,192,5836.0,14,5838.0,198,5840.0,222,5842.0,27,5844.0,68,5846.0,38,5836.0
TA410,,13:42:00.750#,5868.0,5874.0,5808.0,6214.0,5510.0,27816,21435,5828.0,44,5830.0,46,5832.0,51,5834.0,187,5836.0,19,5838.0,188,5840.0,232,5842.0,27,5844.0,68,5846.0,38,5836.0
TA410,,13:42:02.250#,5868.0,5874.0,5808.0,6214.0,5510.0,27826,21433,5826.0,31,5828.0,44,5830.0,46,5832.0,101,5834.0,244,5836.0,2,5838.0,202,5840.0,181,5842.0,27,5844.0,68,5836.0
TA410,,13:42:03.0#,5868.0,5874.0,5808.0,6214.0,5510.0,27828,21431,5826.0,31,5828.0,44,5830.0,46,5832.0,101,5834.0,245,5838.0,220,5840.0,191,5842.0,27,5844.0,68,5846.0,36,5836.0
TA410,,13:42:03.250#,5868.0,5874.0,5808.0,6214.0,5510.0,27828,21431,5826.0,31,5828.0,44,5830.0,46,5832.0,91,5834.0,257,5838.0,209,5840.0,211,5842.0,27,5844.0,68,5846.0,38,5836.0
TA410,,13:42:03.500#,5868.0,5874.0,5808.0,6214.0,5510.0,27828,21431,5826.0,31,5828.0,44,5830.0,46,5832.0,91,5834.0,253,5838.0,209,5840.0,211,5842.0,27,5844.0,68,5846.0,38,5836.0
TA410,,13:42:04.0#,5868.0,5874.0,5808.0,6214.0,5510.0,27828,21431,5826.0,31,5828.0,44,5830.0,46,5832.0,91,5834.0,273,5838.0,214,5840.0,211,5842.0,27,5844.0,68,5846.0,38,5836.0
TA410,,13:42:04.250#,5868.0,5874.0,5808.0,6214.0,5510.0,27828,21431,5826.0,31,5828.0,44,5830.0,46,5832.0,91,5834.0,273,5838.0,223,5840.0,211,5842.0,27,5844.0,68,5846.0,38,5836.0
TA410,,13:42:04.500#,5868.0,5874.0,5808.0,6214.0,5510.0,27828,21431,5826.0,31,5828.0,44,5830.0,46,5832.0,91,5834.0,274,5838.0,233,5840.0,201,5842.0,27,5844.0,68,5846.0,38,5836.0
TA410,,13:42:04.750#,5868.0,5874.0,5808.0,6214.0,5510.0,27828,21431,5826.0,31,5828.0,44,5830.0,46,5832.0,81,5834.0,287,5838.0,214,5840.0,211,5842.0,27,5844.0,68,5846.0,38,5836.0
TA410,,13:42:07.250#,5868.0,5874.0,5808.0,6214.0,5510.0,27828,21431,5826.0,31,5828.0,44,5830.0,46,5832.0,81,5834.0,285,5838.0,214,5840.0,211,5842.0,27,5844.0,68,5846.0,38,5836.0
TA410,,13:42:07.500#,5868.0,5874.0,5808.0,6214.0,5510.0,27828,21431,5826.0,31,5828.0,44,5830.0,46,5832.0,71,5834.0,317,5838.0,214,5840.0,211,5842.0,27,5844.0,68,5846.0,38,5836.0
TA410,,13:42:09.250#,5868.0,5874.0,5808.0,6214.0,5510.0,27828,21431,5826.0,31,5828.0,44,5830.0,46,5832.0,71,5834.0,325,5836.0,5,5838.0,182,5840.0,211,5842.0,27,5844.0,68,5836.0
TA410,,13:42:09.500#,5868.0,5874.0,5808.0,6214.0,5510.0,27828,21431,5826.0,31,5828.0,44,5830.0,46,5832.0,81,5834.0,312,5836.0,7,5838.0,202,5840.0,191,5842.0,27,5844.0,68,5836.0
TA410,,13:42:14.0#,5868.0,5874.0,5808.0,6214.0,5510.0,27831,21428,5826.0,31,5828.0,44,5830.0,46,5832.0,101,5834.0,235,5836.0,4,5838.0,223,5840.0,176,5842.0,27,5844.0,68,5836.0
TA410,,13:42:23.750#,5868.0,5874.0,5808.0,6214.0,5510.0,27852,21416,5826.0,31,5828.0,44,5830.0,46,5832.0,91,5834.0,266,5836.0,10,5838.0,202,5840.0,181,5842.0,27,5844.0,68,5836.0
TA410,,13:42:24.0#,5868.0,5874.0,5808.0,6214.0,5510.0,27852,21416,5826.0,31,5828.0,44,5830.0,46,5832.0,91,5834.0,266,5836.0,11,5838.0,211,5840.0,171,5842.0,27,5844.0,68,5836.0
TA410,,13:42:32.500#,5868.0,5874.0,5808.0,6214.0,5510.0,27859,21419,5826.0,31,5828.0,44,5830.0,46,5832.0,91,5834.0,268,5836.0,25,5838.0,212,5840.0,187,5842.0,27,5844.0,68,5836.0
TA410,,13:42:33.0#,5868.0,5874.0,5808.0,6214.0,5510.0,27859,21419,5826.0,31,5828.0,44,5830.0,46,5832.0,91,5834.0,268,5836.0,25,5838.0,212,5840.0,172,5842.0,27,5844.0,68,5836.0
TA410,,13:42:33.750#,5868.0,5874.0,5808.0,6214.0,5510.0,27859,21419,5826.0,31,5828.0,44,5830.0,46,5832.0,91,5834.0,268,5836.0,25,5838.0,212,5840.0,187,5842.0,27,5844.0,68,5836.0
TA410,,13:42:34.0#,5868.0,5874.0,5808.0,6214.0,5510.0,27859,21419,5826.0,31,5828.0,44,5830.0,46,5832.0,101,5834.0,258,5836.0,25,5838.0,222,5840.0,177,5842.0,27,5844.0,68,5836.0
TA410,,13:42:34.250#,5868.0,5874.0,5808.0,6214.0,5510.0,27859,21419,5826.0,31,5828.0,44,5830.0,46,5832.0,101,5834.0,253,5836.0,30,5838.0,217,5840.0,177,5842.0,27,5844.0,68,5836.0
TA410,,13:42:34.500#,5868.0,5874.0,5808.0,6214.0,5510.0,27859,21419,5826.0,31,5828.0,44,5830.0,46,5832.0,101,5834.0,254,5836.0,30,5838.0,217,5840.0,177,5842.0,27,5844.0,68,5836.0
TA410,,13:42:34.750#,5868.0,5874.0,5808.0,6214.0,5510.0,27859,21419,5826.0,31,5828.0,44,5830.0,46,5832.0,101,5834.0,252,5836.0,30,5838.0,217,5840.0,177,5842.0,27,5844.0,68,5836.0
TA410,,13:42:35.0#,5868.0,5874.0,5808.0,6214.0,5510.0,27859,21419,5826.0,31,5828.0,44,5830.0,46,5832.0,101,5834.0,232,5836.0,30,5838.0,217,5840.0,177,5842.0,27,5844.0,68,5836.0
TA410,,13:42:35.250#,5868.0,5874.0,5808.0,6214.0,5510.0,27859,21419,5826.0,31,5828.0,44,5830.0,46,5832.0,101,5834.0,220,5836.0,30,5838.0,227,5840.0,167,5842.0,27,5844.0,68,5836.0
TA410,,13:42:35.500#,5868.0,5874.0,5808.0,6214.0,5510.0,27859,21419,5826.0,31,5828.0,44,5830.0,46,5832.0,121,5834.0,200,5836.0,60,5838.0,217,5840.0,167,5842.0,27,5844.0,68,5836.0
TA410,,13:42:35.750#,5868.0,5874.0,5808.0,6214.0,5510.0,27859,21419,5826.0,31,5828.0,44,5830.0,46,5832.0,121,5834.0,200,5836.0,65,5838.0,217,5840.0,167,5842.0,27,5844.0,68,5836.0
TA410,,13:42:36.0#,5868.0,5874.0,5808.0,6214.0,5510.0,27869,21419,5826.0,31,5828.0,44,5830.0,46,5832.0,121,5834.0,181,5836.0,64,5838.0,207,5840.0,167,5842.0,27,5844.0,68,5836.0
TA410,,13:42:36.250#,5868.0,5874.0,5808.0,6214.0,5510.0,27869,21419,5826.0,31,5828.0,44,5830.0,46,5832.0,121,5834.0,191,5836.0,64,5838.0,218,5840.0,167,5842.0,27,5844.0,68,5836.0
TA410,,13:42:36.500#,5868.0,5874.0,5808.0,6214.0,5510.0,27870,21419,5826.0,31,5828.0,44,5830.0,46,5832.0,121,5834.0,168,5836.0,63,5838.0,218,5840.0,167,5842.0,27,5844.0,68,5836.0
TA410,,13:42:36.750#,5868.0,5874.0,5808.0,6214.0,5510.0,27870,21419,5826.0,31,5828.0,44,5830.0,46,5832.0,121,5834.0,190,5836.0,63,5838.0,218,5840.0,167,5842.0,27,5844.0,68,5836.0
TA410,,13:42:37.0#,5868.0,5874.0,5808.0,6214.0,5510.0,27874,21419,5826.0,31,5828.0,44,5830.0,46,5832.0,121,5834.0,186,5836.0,59,5838.0,218,5840.0,167,5842.0,27,5844.0,68,5836.0
TA410,,13:42:38.250#,5868.0,5874.0,5808.0,6214.0,5510.0,27874,21419,5826.0,31,5828.0,44,5830.0,46,5832.0,121,5834.0,184,5836.0,59,5838.0,218,5840.0,167,5842.0,27,5844.0,68,5836.0
TA410,,13:42:38.750#,5868.0,5874.0,5808.0,6214.0,5510.0,27874,21419,5826.0,31,5828.0,44,5830.0,46,5832.0,121,5834.0,179,5836.0,59,5838.0,218,5840.0,167,5842.0,27,5844.0,68,5836.0
TA410,,13:42:39.0#,5868.0,5874.0,5808.0,6214.0,5510.0,27874,21419,5826.0,31,5828.0,44,5830.0,46,5832.0,121,5834.0,179,5836.0,59,5838.0,218,5840.0,167,5842.0,27,5844.0,68,5836.0
TA410,,13:42:39.750#,5868.0,5874.0,5808.0,6214.0,5510.0,27874,21419,5826.0,31,5828.0,44,5830.0,46,5832.0,121,5834.0,168,5836.0,59,5838.0,218,5840.0,167,5842.0,27,5844.0,68,5836.0
TA410,,13:42:40.0#,5868.0,5874.0,5808.0,6214.0,5510.0,27874,21419,5826.0,31,5828.0,44,5830.0,46,5832.0,121,5834.0,147,5836.0,59,5838.0,218,5840.0,167,5842.0,27,5844.0,68,5836.0
TA410,,13:42:40.250#,5868.0,5874.0,5808.0,6214.0,5510.0,27875,21419,5826.0,31,5828.0,44,5830.0,46,5832.0,131,5834.0,135,5836.0,62,5838.0,217,5840.0,167,5842.0,27,5844.0,68,5836.0
TA410,,13:42:40.500#,5868.0,5874.0,5808.0,6214.0,5510.0,27875,21419,5826.0,31,5828.0,44,5830.0,46,5832.0,131,5834.0,135,5836.0,61,5838.0,217,5840.0,167,5842.0,27,5844.0,68,5836.0
TA410,,13:42:40.750#,5868.0,5874.0,5808.0,6214.0,5510.0,27923,21410,5826.0,31,5828.0,44,5830.0,46,5832.0,131,5834.0,106,5836.0,13,5838.0,217,5840.0,167,5842.0,27,5844.0,68,5836.0
TA410,,13:42:41.0#,5868.0,5874.0,5808.0,6214.0,5510.0,27923,21410,5826.0,31,5828.0,44,5830.0,46,5832.0,141,5834.0,115,5836.0,22,5838.0,227,5840.0,167,5842.0,27,5844.0,68,5836.0
TA410,,13:42:41.250#,5868.0,5874.0,5808.0,6214.0,5510.0,27923,21410,5826.0,31,5828.0,44,5830.0,46,5832.0,121,5834.0,135,5836.0,17,5838.0,227,5840.0,167,5842.0,27,5844.0,68,5836.0
TA410,,13:42:41.500#,5868.0,5874.0,5808.0,6214.0,5510.0,27923,21410,5826.0,31,5828.0,44,5830.0,46,5832.0,131,5834.0,125,5836.0,50,5838.0,217,5840.0,167,5842.0,27,5844.0,68,5836.0
TA410,,13:42:41.750#,5868.0,5874.0,5808.0,6214.0,5510.0,27923,21410,5826.0,31,5828.0,44,5830.0,56,5832.0,121,5834.0,105,5836.0,51,5838.0,217,5840.0,167,5842.0,27,5844.0,68,5836.0
TA410,,13:42:42.0#,5868.0,5874.0,5808.0,6214.0,5510.0,27923,21410,5826.0,31,5828.0,44,5830.0,56,5832.0,141,5834.0,85,5836.0,51,5838.0,217,5840.0,167,5842.0,27,5844.0,68,5836.0
TA410,,13:42:42.250#,5868.0,5874.0,5808.0,6214.0,5510.0,27923,21410,5826.0,31,5828.0,44,5830.0,56,5832.0,151,5834.0,75,5836.0,51,5838.0,217,5840.0,167,5842.0,27,5844.0,68,5836.0
TA410,,13:42:42.500#,5868.0,5874.0,5808.0,6214.0,5510.0,27923,21410,5826.0,31,5828.0,44,5830.0,56,5832.0,151,5834.0,75,5836.0,71,5838.0,217,5840.0,167,5842.0,27,5844.0,68,5836.0
TA410,,13:42:42.750#,5868.0,5874.0,5808.0,6214.0,5510.0,27923,21410,5826.0,31,5828.0,44,5830.0,56,5832.0,151,5834.0,75,5836.0,73,5838.0,217,5840.0,167,5842.0,27,5844.0,68,5836.0
TA410,,13:42:43.0#,5868.0,5874.0,5808.0,6214.0,5510.0,27923,21410,5826.0,31,5828.0,44,5830.0,56,5832.0,151,5834.0,59,5836.0,82,5838.0,217,5840.0,167,5842.0,27,5844.0,68,5836.0
TA410,,13:42:43.500#,5868.0,5874.0,5808.0,6214.0,5510.0,27923,21410,5826.0,31,5828.0,44,5830.0,61,5832.0,162,5834.0,53,5836.0,133,5838.0,167,5840.0,151,5842.0,28,5844.0,67,5836.0
TA410,,13:42:43.750#,5868.0,5874.0,5808.0,6214.0,5510.0,27923,21410,5826.0,31,5828.0,44,5830.0,61,5832.0,162,5834.0,53,5836.0,143,5838.0,157,5840.0,151,5842.0,28,5844.0,67,5836.0
TA410,,13:42:44.0#,5868.0,5874.0,5808.0,6214.0,5510.0,27923,21410,5826.0,31,5828.0,44,5830.0,51,5832.0,171,5834.0,54,5836.0,142,5838.0,157,5840.0,152,5842.0,28,5844.0,67,5836.0
TA410,,13:42:49.500#,5868.0,5874.0,5808.0,6214.0,5510.0,27923,21410,5826.0,51,5828.0,44,5830.0,51,5832.0,171,5834.0,54,5836.0,142,5838.0,157,5840.0,152,5842.0,28,5844.0,67,5836.0
TA410,,13:42:49.750#,5868.0,5874.0,5808.0,6214.0,5510.0,27923,21410,5826.0,51,5828.0,44,5830.0,51,5832.0,171,5834.0,39,5836.0,142,5838.0,157,5840.0,152,5842.0,28,5844.0,67,5836.0
TA410,,13:42:50.0#,5868.0,5874.0,5808.0,6214.0,5510.0,27923,21410,5826.0,51,5828.0,44,5830.0,51,5832.0,181,5834.0,29,5836.0,142,5838.0,157,5840.0,152,5842.0,28,5844.0,67,5836.0
TA410,,13:42:50.500#,5868.0,5874.0,5808.0,6214.0,5510.0,27942,21426,5826.0,51,5828.0,44,5830.0,51,5832.0,181,5834.0,10,5836.0,150,5838.0,157,5840.0,152,5842.0,28,5844.0,67,5834.0
TA410,,13:42:50.750#,5868.0,5874.0,5808.0,6214.0,5510.0,27953,21420,5826.0,51,5828.0,44,5830.0,51,5832.0,171,5834.0,1,5836.0,140,5838.0,157,5840.0,151,5842.0,28,5844.0,67,5834.0
TA410,,13:42:51.0#,5868.0,5874.0,5808.0,6214.0,5510.0,27954,21420,5824.0,77,5826.0,51,5828.0,44,5830.0,51,5832.0,299,5836.0,160,5838.0,147,5840.0,151,5842.0,28,5844.0,67,5834.0
TA410,,13:42:51.250#,5868.0,5874.0,5808.0,6214.0,5510.0,27954,21420,5824.0,79,5826.0,51,5828.0,43,5830.0,71,5832.0,284,5836.0,170,5838.0,137,5840.0,151,5842.0,28,5844.0,67,5834.0
TA410,,13:42:51.500#,5868.0,5874.0,5808.0,6214.0,5510.0,27954,21420,5824.0,79,5826.0,52,5828.0,31,5830.0,71,5832.0,274,5836.0,170,5838.0,127,5840.0,151,5842.0,28,5844.0,67,5834.0
TA410,,13:42:51.750#,5868.0,5874.0,5808.0,6214.0,5510.0,27954,21420,5824.0,79,5826.0,52,5828.0,31,5830.0,71,5832.0,285,5836.0,171,5838.0,137,5840.0,151,5842.0,28,5844.0,67,5834.0
TA410,,13:42:56.750#,5868.0,5874.0,5808.0,6214.0,5510.0,27954,21420,5824.0,79,5826.0,53,5828.0,31,5830.0,71,5832.0,285,5836.0,171,5838.0,137,5840.0,151,5842.0,28,5844.0,67,5834.0
TA410,,13:42:59.750#,5868.0,5874.0,5808.0,6214.0,5510.0,27954,21420,5824.0,79,5826.0,53,5828.0,31,5830.0,71,5832.0,285,5836.0,181,5838.0,127,5840.0,151,5842.0,28,5844.0,67,5834.0
TA410,,13:43:00.0#,5868.0,5874.0,5808.0,6214.0,5510.0,27954,21420,5824.0,79,5826.0,53,5828.0,31,5830.0,81,5832.0,275,5836.0,191,5838.0,117,5840.0,151,5842.0,28,5844.0,67,5834.0
TA410,,13:43:00.750#,5868.0,5874.0,5808.0,6214.0,5510.0,27954,21420,5824.0,79,5826.0,53,5828.0,31,5830.0,91,5832.0,265,5836.0,200,5838.0,117,5840.0,151,5842.0,28,5844.0,67,5834.0
TA410,,13:43:01.250#,5868.0,5874.0,5808.0,6214.0,5510.0,27954,21420,5824.0,79,5826.0,53,5828.0,31,5830.0,81,5832.0,265,5836.0,200,5838.0,117,5840.0,151,5842.0,28,5844.0,67,5834.0
TA410,,13:43:01.750#,5868.0,5874.0,5808.0,6214.0,5510.0,27954,21420,5824.0,79,5826.0,53,5828.0,31,5830.0,91,5832.0,155,5836.0,205,5838.0,117,5840.0,151,5842.0,28,5844.0,67,5834.0
TA410,,13:43:02.0#,5868.0,5874.0,5808.0,6214.0,5510.0,27954,21420,5824.0,79,5826.0,53,5828.0,41,5830.0,101,5832.0,136,5834.0,5,5836.0,183,5838.0,97,5840.0,161,5842.0,28,5834.0
TA410,,13:43:02.500#,5868.0,5874.0,5808.0,6214.0,5510.0,27954,21420,5824.0,79,5826.0,53,5828.0,41,5830.0,131,5832.0,39,5834.0,78,5836.0,158,5838.0,99,5840.0,151,5842.0,28,5834.0
TA410,,13:43:02.750#,5868.0,5874.0,5808.0,6214.0,5510.0,27954,21420,5824.0,79,5826.0,73,5828.0,51,5830.0,132,5832.0,2,5834.0,125,5836.0,117,5838.0,84,5840.0,151,5842.0,28,5834.0
TA410,,13:43:03.0#,5868.0,5874.0,5808.0,6214.0,5510.0,27954,21420,5822.0,80,5824.0,79,5826.0,63,5828.0,61,5830.0,240,5834.0,129,5836.0,87,5838.0,94,5840.0,151,5842.0,28,5834.0
TA410,,13:43:03.250#,5868.0,5874.0,5808.0,6214.0,5510.0,27954,21420,5822.0,82,5824.0,79,5826.0,53,5828.0,71,5830.0,273,5834.0,128,5836.0,117,5838.0,84,5840.0,151,5842.0,28,5834.0
TA410,,13:43:03.500#,5868.0,5874.0,5808.0,6214.0,5510.0,27954,21420,5824.0,79,5826.0,53,5828.0,61,5830.0,172,5832.0,22,5834.0,113,5836.0,127,5838.0,84,5840.0,152,5842.0,28,5834.0
TA410,,13:43:04.0#,5868.0,5874.0,5808.0,6214.0,5510.0,27954,21420,5824.0,79,5826.0,53,5828.0,31,5830.0,204,5832.0,29,5834.0,64,5836.0,168,5838.0,99,5840.0,152,5842.0,28,5834.0
TA410,,13:43:04.500#,5868.0,5874.0,5808.0,6214.0,5510.0,27954,21420,5824.0,79,5826.0,53,5828.0,41,5830.0,194,5832.0,22,5834.0,64,5836.0,178,5838.0,89,5840.0,152,5842.0,28,5834.0
TA410,,13:43:05.0#,5868.0,5874.0,5808.0,6214.0,5510.0,27954,21420,5824.0,79,5826.0,53,5828.0,41,5830.0,194,5832.0,28,5834.0,64,5836.0,178,5838.0,89,5840.0,152,5842.0,28,5834.0
TA410,,13:43:05.250#,5868.0,5874.0,5808.0,6214.0,5510.0,27954,21420,5824.0,79,5826.0,53,5828.0,41,5830.0,194,5832.0,27,5834.0,64,5836.0,178,5838.0,89,5840.0,152,5842.0,28,5834.0
TA410,,13:43:05.500#,5868.0,5874.0,5808.0,6214.0,5510.0,27955,21420,5824.0,79,5826.0,53,5828.0,41,5830.0,184,5832.0,51,5834.0,53,5836.0,188,5838.0,89,5840.0,152,5842.0,28,5834.0
TA410,,13:43:05.750#,5868.0,5874.0,5808.0,6214.0,5510.0,27970,21425,5824.0,79,5826.0,53,5828.0,31,5830.0,174,5832.0,75,5834.0,39,5836.0,188,5838.0,89,5840.0,152,5842.0,28,5834.0
TA410,,13:43:06.0#,5868.0,5874.0,5808.0,6214.0,5510.0,27974,21425,5824.0,79,5826.0,53,5828.0,31,5830.0,174,5832.0,58,5834.0,54,5836.0,188,5838.0,89,5840.0,152,5842.0,28,5832.0
TA410,,13:43:06.250#,5868.0,5874.0,5808.0,6214.0,5510.0,27974,21425,5824.0,79,5826.0,53,5828.0,31,5830.0,174,5832.0,51,5834.0,54,5836.0,188,5838.0,89,5840.0,152,5842.0,28,5832.0
TA410,,13:43:06.500#,5868.0,5874.0,5808.0,6214.0,5510.0,27974,21425,5824.0,79,5826.0,53,5828.0,31,5830.0,194,5832.0,18,5834.0,69,5836.0,178,5838.0,74,5840.0,152,5842.0,28,5832.0
TA410,,13:43:06.750#,5868.0,5874.0,5808.0,6214.0,5510.0,27974,21425,5824.0,79,5826.0,53,5828.0,71,5830.0,147,5832.0,2,5834.0,92,5836.0,147,5838.0,74,5840.0,152,5842.0,28,5832.0
TA410,,13:43:07.0#,5868.0,5874.0,5808.0,6214.0,5510.0,27974,21425,5822.0,80,5824.0,79,5826.0,53,5828.0,71,5830.0,266,5834.0,122,5836.0,147,5838.0,74,5840.0,152,5842.0,28,5832.0
TA410,,13:43:07.250#,5868.0,5874.0,5808.0,6214.0,5510.0,27974,21425,5822.0,82,5824.0,79,5826.0,53,5828.0,81,5830.0,261,5834.0,163,5836.0,117,5838.0,74,5840.0,152,5842.0,28,5832.0
TA410,,13:43:08.0#,5868.0,5874.0,5808.0,6214.0,5510.0,27974,21425,5822.0,82,5824.0,79,5826.0,52,5828.0,81,5830.0,261,5834.0,163,5836.0,117,5838.0,74,5840.0,152,5842.0,28,5832.0
TA410,,13:43:08.250#,5868.0,5874.0,5808.0,6214.0,5510.0,27974,21425,5822.0,82,5824.0,80,5826.0,52,5828.0,81,5830.0,261,5834.0,163,5836.0,117,5838.0,74,5840.0,152,5842.0,27,5832.0
TA410,,13:43:08.500#,5868.0,5874.0,5808.0,6214.0,5510.0,27974,21425,5822.0,82,5824.0,80,5826.0,52,5828.0,81,5830.0,261,5834.0,165,5836.0,117,5838.0,74,5840.0,153,5842.0,27,5832.0
TA410,,13:43:08.750#,5868.0,5874.0,5808.0,6214.0,5510.0,27974,21425,5822.0,82,5824.0,80,5826.0,52,5828.0,81,5830.0,261,5834.0,165,5836.0,117,5838.0,74,5840.0,153,5842.0,27,5832.0
TA410,,13:43:09.0#,5868.0,5874.0,5808.0,6214.0,5510.0,27974,21425,5822.0,82,5824.0,80,5826.0,52,5828.0,81,5830.0,261,5834.0,166,5836.0,117,5838.0,74,5840.0,153,5842.0,27,5832.0
TA410,,13:43:09.250#,5868.0,5874.0,5808.0,6214.0,5510.0,27974,21425,5822.0,82,5824.0,80,5826.0,52,5828.0,81,5830.0,236,5834.0,166,5836.0,117,5838.0,74,5840.0,153,5842.0,27,5832.0
TA410,,13:43:09.500#,5868.0,5874.0,5808.0,6214.0,5510.0,27974,21425,5822.0,82,5824.0,80,5826.0,52,5828.0,81,5830.0,256,5834.0,166,5836.0,117,5838.0,74,5840.0,153,5842.0,27,5832.0
TA410,,13:43:10.0#,5868.0,5874.0,5808.0,6214.0,5510.0,27974,21425,5822.0,82,5824.0,80,5826.0,52,5828.0,71,5830.0,266,5834.0,166,5836.0,117,5838.0,74,5840.0,153,5842.0,27,5832.0
TA410,,13:43:10.500#,5868.0,5874.0,5808.0,6214.0,5510.0,27974,21425,5822.0,82,5824.0,80,5826.0,52,5828.0,71,5830.0,267,5834.0,166,5836.0,117,5838.0,74,5840.0,153,5842.0,27,5832.0
TA410,,13:43:12.0#,5868.0,5874.0,5808.0,6214.0,5510.0,27974,21425,5822.0,82,5824.0,80,5826.0,52,5828.0,71,5830.0,242,5834.0,166,5836.0,117,5838.0,74,5840.0,153,5842.0,27,5832.0
TA410,,13:43:12.250#,5868.0,5874.0,5808.0,6214.0,5510.0,27974,21425,5822.0,82,5824.0,80,5826.0,52,5828.0,71,5830.0,243,5834.0,177,5836.0,107,5838.0,74,5840.0,153,5842.0,27,5832.0
TA410,,13:43:13.500#,5868.0,5874.0,5808.0,6214.0,5510.0,27974,21425,5822.0,82,5824.0,80,5826.0,52,5828.0,71,5830.0,233,5834.0,177,5836.0,107,5838.0,74,5840.0,153,5842.0,27,5832.0
TA410,,13:43:14.0#,5868.0,5874.0,5808.0,6214.0,5510.0,28071,21522,5824.0,80,5826.0,52,5828.0,71,5830.0,163,5832.0,70,5834.0,150,5836.0,107,5838.0,74,5840.0,153,5842.0,27,5832.0
TA410,,13:43:14.250#,5868.0,5874.0,5808.0,6214.0,5510.0,28078,21522,5824.0,80,5826.0,52,5828.0,51,5830.0,171,5832.0,40,5834.0,139,5836.0,118,5838.0,74,5840.0,153,5842.0,27,5832.0
TA410,,13:43:14.500#,5868.0,5874.0,5808.0,6214.0,5510.0,28078,21522,5824.0,80,5826.0,52,5828.0,51,5830.0,181,5832.0,40,5834.0,139,5836.0,118,5838.0,74,5840.0,153,5842.0,27,5832.0
TA410,,13:43:14.750#,5868.0,5874.0,5808.0,6214.0,5510.0,28078,21522,5824.0,80,5826.0,52,5828.0,51,5830.0,171,5832.0,53,5834.0,139,5836.0,118,5838.0,74,5840.0,153,5842.0,27,5832.0
TA410,,13:43:15.0#,5868.0,5874.0,5808.0,6214.0,5510.0,28078,21522,5824.0,80,5826.0,52,5828.0,51,5830.0,171,5832.0,59,5834.0,139,5836.0,118,5838.0,74,5840.0,153,5842.0,27,5832.0
TA410,,13:43:15.250#,5868.0,5874.0,5808.0,6214.0,5510.0,28078,21522,5824.0,80,5826.0,52,5828.0,51,5830.0,171,5832.0,60,5834.0,139,5836.0,118,5838.0,74,5840.0,153,5842.0,27,5832.0
TA410,,13:43:15.750#,5868.0,5874.0,5808.0,6214.0,5510.0,28078,21522,5824.0,80,5826.0,52,5828.0,51,5830.0,171,5832.0,53,5834.0,130,5836.0,118,5838.0,74,5840.0,153,5842.0,27,5832.0
TA410,,13:43:16.0#,5868.0,5874.0,5808.0,6214.0,5510.0,28078,21522,5824.0,80,5826.0,52,5828.0,51,5830.0,171,5832.0,55,5834.0,130,5836.0,118,5838.0,74,5840.0,153,5842.0,27,5832.0
TA410,,13:43:16.250#,5868.0,5874.0,5808.0,6214.0,5510.0,28078,21522,5824.0,80,5826.0,52,5828.0,51,5830.0,171,5832.0,45,5834.0,130,5836.0,118,5838.0,74,5840.0,153,5842.0,27,5832.0
TA410,,13:43:16.500#,5868.0,5874.0,5808.0,6214.0,5510.0,28078,21522,5824.0,80,5826.0,52,5828.0,61,5830.0,166,5832.0,51,5834.0,130,5836.0,118,5838.0,74,5840.0,153,5842.0,27,5832.0
TA410,,13:43:16.750#,5868.0,5874.0,5808.0,6214.0,5510.0,28078,21522,5824.0,80,5826.0,52,5828.0,51,5830.0,166,5832.0,66,5834.0,130,5836.0,118,5838.0,74,5840.0,153,5842.0,27,5832.0
TA410,,13:43:18.500#,5868.0,5874.0,5808.0,6214.0,5510.0,28078,21522,5824.0,80,5826.0,52,5828.0,61,5830.0,166,5832.0,38,5834.0,130,5836.0,118,5838.0,74,5840.0,153,5842.0,27,5832.0
TA410,,13:43:19.0#,5868.0,5874.0,5808.0,6214.0,5510.0,28078,21522,5824.0,80,5826.0,52,5828.0,41,5830.0,186,5832.0,53,5834.0,130,5836.0,118,5838.0,74,5840.0,153,5842.0,27,5832.0
TA410,,13:43:19.250#,5868.0,5874.0,5808.0,6214.0,5510.0,28078,21522,5824.0,80,5826.0,52,5828.0,41,5830.0,176,5832.0,63,5834.0,139,5836.0,118,5838.0,74,5840.0,153,5842.0,27,5832.0
TA410,,13:43:20.250#,5868.0,5874.0,5808.0,6214.0,5510.0,28078,21522,5824.0,80,5826.0,52,5828.0,41,5830.0,176,5832.0,54,5834.0,139,5836.0,118,5838.0,74,5840.0,153,5842.0,27,5832.0
TA410,,13:43:20.500#,5868.0,5874.0,5808.0,6214.0,5510.0,28078,21522,5824.0,80,5826.0,52,5828.0,41,5830.0,176,5832.0,70,5834.0,139,5836.0,118,5838.0,74,5840.0,153,5842.0,27,5832.0
TA410,,13:43:20.750#,5868.0,5874.0,5808.0,6214.0,5510.0,28078,21522,5824.0,80,5826.0,52,5828.0,41,5830.0,176,5832.0,74,5834.0,139,5836.0,118,5838.0,74,5840.0,153,5842.0,27,5832.0
TA410,,13:43:22.500#,5868.0,5874.0,5808.0,6214.0,5510.0,28078,21522,5824.0,80,5826.0,52,5828.0,41,5830.0,176,5832.0,75,5834.0,139,5836.0,118,5838.0,74,5840.0,153,5842.0,27,5832.0
TA410,,13:43:22.750#,5868.0,5874.0,5808.0,6214.0,5510.0,28078,21522,5824.0,80,5826.0,52,5828.0,41,5830.0,176,5832.0,65,5834.0,139,5836.0,118,5838.0,74,5840.0,153,5842.0,27,5832.0
TA410,,13:43:23.0#,5868.0,5874.0,5808.0,6214.0,5510.0,28078,21522,5824.0,80,5826.0,52,5828.0,41,5830.0,176,5832.0,70,5834.0,139,5836.0,118,5838.0,74,5840.0,153,5842.0,27,5832.0
TA410,,13:43:23.250#,5868.0,5874.0,5808.0,6214.0,5510.0,28078,21522,5824.0,80,5826.0,52,5828.0,41,5830.0,176,5832.0,74,5834.0,119,5836.0,138,5838.0,74,5840.0,153,5842.0,27,5832.0
TA410,,13:43:24.0#,5868.0,5874.0,5808.0,6214.0,5510.0,28078,21522,5824.0,80,5826.0,52,5828.0,41,5830.0,176,5832.0,70,5834.0,129,5836.0,128,5838.0,74,5840.0,153,5842.0,27,5832.0
TA410,,13:43:24.750#,5868.0,5874.0,5808.0,6214.0,5510.0,28078,21522,5824.0,80,5826.0,52,5828.0,41,5830.0,176,5832.0,70,5834.0,119,5836.0,138,5838.0,74,5840.0,153,5842.0,27,5832.0
TA410,,13:43:25.250#,5868.0,5874.0,5808.0,6214.0,5510.0,28078,21522,5824.0,80,5826.0,52,5828.0,41,5830.0,176,5832.0,40,5834.0,119,5836.0,138,5838.0,74,5840.0,153,5842.0,27,5832.0
TA410,,13:43:25.500#,5868.0,5874.0,5808.0,6214.0,5510.0,28078,21522,5824.0,80,5826.0,52,5828.0,41,5830.0,186,5832.0,52,5834.0,119,5836.0,138,5838.0,74,5840.0,153,5842.0,27,5832.0
TA410,,13:43:25.750#,5868.0,5874.0,5808.0,6214.0,5510.0,28078,21522,5824.0,80,5826.0,52,5828.0,41,5830.0,176,5832.0,62,5834.0,119,5836.0,138,5838.0,74,5840.0,153,5842.0,27,5832.0
TA410,,13:43:26.0#,5868.0,5874.0,5808.0,6214.0,5510.0,28078,21522,5824.0,80,5826.0,52,5828.0,41,5830.0,176,5832.0,67,5834.0,129,5836.0,128,5838.0,74,5840.0,153,5842.0,27,5832.0
TA410,,13:43:26.500#,5868.0,5874.0,5808.0,6214.0,5510.0,28078,21522,5824.0,80,5826.0,52,5828.0,41,5830.0,176,5832.0,68,5834.0,129,5836.0,128,5838.0,74,5840.0,153,5842.0,27,5832.0
TA410,,13:43:27.250#,5868.0,5874.0,5808.0,6214.0,5510.0,28078,21522,5824.0,80,5826.0,52,5828.0,41,5830.0,176,5832.0,57,5834.0,129,5836.0,128,5838.0,74,5840.0,153,5842.0,27,5832.0
TA410,,13:43:27.500#,5868.0,5874.0,5808.0,6214.0,5510.0,28078,21522,5824.0,80,5826.0,52,5828.0,41,5830.0,176,5832.0,89,5834.0,129,5836.0,128,5838.0,74,5840.0,153,5842.0,27,5832.0
TA410,,13:43:27.750#,5868.0,5874.0,5808.0,6214.0,5510.0,28078,21522,5824.0,80,5826.0,52,5828.0,41,5830.0,176,5832.0,94,5834.0,129,5836.0,128,5838.0,74,5840.0,153,5842.0,27,5832.0
TA410,,13:43:28.0#,5868.0,5874.0,5808.0,6214.0,5510.0,28078,21522,5824.0,80,5826.0,52,5828.0,41,5830.0,176,5832.0,99,5834.0,119,5836.0,138,5838.0,74,5840.0,153,5842.0,27,5832.0
TA410,,13:43:28.250#,5868.0,5874.0,5808.0,6214.0,5510.0,28078,21522,5824.0,80,5826.0,52,5828.0,41,5830.0,176,5832.0,100,5834.0,129,5836.0,128,5838.0,74,5840.0,153,5842.0,27,5832.0
TA410,,13:43:28.500#,5868.0,5874.0,5808.0,6214.0,5510.0,28078,21522,5824.0,80,5826.0,52,5828.0,41,5830.0,176,5832.0,96,5834.0,129,5836.0,128,5838.0,74,5840.0,153,5842.0,27,5832.0
TA410,,13:43:28.750#,5868.0,5874.0,5808.0,6214.0,5510.0,28078,21522,5824.0,80,5826.0,52,5828.0,41,5830.0,176,5832.0,95,5834.0,129,5836.0,128,5838.0,74,5840.0,153,5842.0,27,5832.0
TA410,,13:43:29.250#,5868.0,5874.0,5808.0,6214.0,5510.0,28078,21522,5824.0,80,5826.0,52,5828.0,41,5830.0,176,5832.0,90,5834.0,129,5836.0,128,5838.0,74,5840.0,153,5842.0,27,5832.0
TA410,,13:43:30.0#,5868.0,5874.0,5808.0,6214.0,5510.0,28078,21522,5824.0,80,5826.0,52,5828.0,41,5830.0,176,5832.0,91,5834.0,138,5836.0,128,5838.0,74,5840.0,153,5842.0,27,5832.0
TA410,,13:43:30.250#,5868.0,5874.0,5808.0,6214.0,5510.0,28078,21522,5824.0,80,5826.0,52,5828.0,41,5830.0,176,5832.0,94,5834.0,129,5836.0,128,5838.0,74,5840.0,153,5842.0,27,5832.0
TA410,,13:43:30.500#,5868.0,5874.0,5808.0,6214.0,5510.0,28078,21522,5824.0,80,5826.0,52,5828.0,41,5830.0,176,5832.0,90,5834.0,129,5836.0,128,5838.0,74,5840.0,153,5842.0,27,5832.0
TA410,,13:43:34.500#,5868.0,5874.0,5808.0,6214.0,5510.0,28078,21522,5824.0,80,5826.0,52,5828.0,41,5830.0,176,5832.0,91,5834.0,129,5836.0,128,5838.0,74,5840.0,153,5842.0,27,5832.0
TA410,,13:43:35.0#,5868.0,5874.0,5808.0,6214.0,5510.0,28078,21522,5824.0,80,5826.0,52,5828.0,41,5830.0,176,5832.0,91,5834.0,129,5836.0,128,5838.0,74,5840.0,153,5842.0,27,5832.0
TA410,,13:43:36.750#,5868.0,5874.0,5808.0,6214.0,5510.0,28078,21522,5824.0,80,5826.0,52,5828.0,41,5830.0,176,5832.0,106,5834.0,124,5836.0,128,5838.0,74,5840.0,153,5842.0,27,5832.0
TA410,,13:43:37.0#,5868.0,5874.0,5808.0,6214.0,5510.0,28078,21522,5824.0,79,5826.0,52,5828.0,41,5830.0,156,5832.0,111,5834.0,94,5836.0,158,5838.0,89,5840.0,153,5842.0,27,5832.0
TA410,,13:43:37.250#,5868.0,5874.0,5808.0,6214.0,5510.0,28078,21522,5824.0,79,5826.0,53,5828.0,31,5830.0,126,5832.0,183,5834.0,54,5836.0,188,5838.0,99,5840.0,153,5842.0,27,5832.0
TA410,,13:43:37.500#,5868.0,5874.0,5808.0,6214.0,5510.0,28078,21522,5824.0,79,5826.0,53,5828.0,41,5830.0,126,5832.0,173,5834.0,54,5836.0,188,5838.0,89,5840.0,163,5842.0,27,5832.0
TA410,,13:43:38.0#,5868.0,5874.0,5808.0,6214.0,5510.0,28078,21522,5824.0,79,5826.0,53,5828.0,41,5830.0,126,5832.0,177,5834.0,29,5836.0,188,5838.0,89,5840.0,163,5842.0,27,5832.0
TA410,,13:43:38.500#,5868.0,5874.0,5808.0,6214.0,5510.0,28078,21522,5824.0,79,5826.0,53,5828.0,31,5830.0,126,5832.0,181,5834.0,34,5836.0,198,5838.0,89,5840.0,153,5842.0,27,5832.0
TA410,,13:43:39.250#,5868.0,5874.0,5808.0,6214.0,5510.0,28078,21522,5824.0,79,5826.0,53,5828.0,31,5830.0,136,5832.0,171,5834.0,64,5836.0,188,5838.0,89,5840.0,153,5842.0,27,5832.0
TA410,,13:43:40.500#,5868.0,5874.0,5808.0,6214.0,5510.0,28078,21522,5824.0,79,5826.0,53,5828.0,31,5830.0,136,5832.0,172,5834.0,64,5836.0,188,5838.0,89,5840.0,153,5842.0,27,5832.0
TA410,,13:43:41.750#,5868.0,5874.0,5808.0,6214.0,5510.0,28078,21522,5824.0,79,5826.0,53,5828.0,31,5830.0,136,5832.0,152,5834.0,64,5836.0,188,5838.0,89,5840.0,153,5842.0,27,5832.0
TA410,,13:43:42.0#,5868.0,5874.0,5808.0,6214.0,5510.0,28078,21522,5824.0,79,5826.0,53,5828.0,31,5830.0,136,5832.0,152,5834.0,59,5836.0,188,5838.0,89,5840.0,153,5842.0,27,5832.0
TA410,,13:43:42.500#,5868.0,5874.0,5808.0,6214.0,5510.0,28080,21522,5824.0,79,5826.0,53,5828.0,31,5830.0,126,5832.0,162,5834.0,57,5836.0,188,5838.0,89,5840.0,153,5842.0,27,5834.0
TA410,,13:43:44.750#,5868.0,5874.0,5808.0,6214.0,5510.0,28084,21520,5824.0,79,5826.0,53,5828.0,31,5830.0,126,5832.0,158,5834.0,53,5836.0,188,5838.0,89,5840.0,153,5842.0,27,5834.0
TA410,,13:43:45.0#,5868.0,5874.0,5808.0,6214.0,5510.0,28084,21520,5824.0,79,5826.0,53,5828.0,31,5830.0,126,5832.0,158,5834.0,57,5836.0,188,5838.0,89,5840.0,153,5842.0,27,5834.0
TA410,,13:43:47.0#,5868.0,5874.0,5808.0,6214.0,5510.0,28084,21520,5824.0,79,5826.0,53,5828.0,31,5830.0,126,5832.0,159,5834.0,57,5836.0,188,5838.0,89,5840.0,153,5842.0,27,5834.0
TA410,,13:43:52.500#,5868.0,5874.0,5808.0,6214.0,5510.0,28084,21520,5824.0,79,5826.0,53,5828.0,31,5830.0,126,5832.0,160,5834.0,57,5836.0,188,5838.0,89,5840.0,153,5842.0,27,5834.0
TA410,,13:43:53.500#,5868.0,5874.0,5808.0,6214.0,5510.0,28084,21520,5824.0,79,5826.0,53,5828.0,31,5830.0,126,5832.0,190,5834.0,57,5836.0,188,5838.0,89,5840.0,153,5842.0,27,5834.0
TA410,,13:43:53.750#,5868.0,5874.0,5808.0,6214.0,5510.0,28084,21520,5824.0,79,5826.0,53,5828.0,31,5830.0,126,5832.0,193,5834.0,57,5836.0,188,5838.0,89,5840.0,153,5842.0,27,5834.0
TA410,,13:43:56.0#,5868.0,5874.0,5808.0,6214.0,5510.0,28086,21522,5824.0,79,5826.0,53,5828.0,31,5830.0,126,5832.0,194,5834.0,55,5836.0,188,5838.0,88,5840.0,153,5842.0,27,5834.0
TA410,,13:43:57.250#,5868.0,5874.0,5808.0,6214.0,5510.0,28133,21543,5824.0,79,5826.0,53,5828.0,31,5830.0,126,5832.0,143,5834.0,8,5836.0,178,5838.0,88,5840.0,153,5842.0,27,5834.0
TA410,,13:43:57.500#,5868.0,5874.0,5808.0,6214.0,5510.0,28141,21543,5824.0,79,5826.0,53,5828.0,31,5830.0,116,5832.0,175,5836.0,204,5838.0,88,5840.0,153,5842.0,27,5844.0,40,5834.0
TA410,,13:43:57.750#,5868.0,5874.0,5808.0,6214.0,5510.0,28141,21543,5824.0,79,5826.0,53,5828.0,31,5830.0,116,5832.0,175,5834.0,5,5836.0,202,5838.0,108,5840.0,153,5842.0,27,5834.0
TA410,,13:43:58.0#,5868.0,5874.0,5808.0,6214.0,5510.0,28141,21543,5824.0,79,5826.0,53,5828.0,31,5830.0,116,5832.0,175,5834.0,5,5836.0,222,5838.0,73,5840.0,153,5842.0,27,5834.0
TA410,,13:43:58.250#,5868.0,5874.0,5808.0,6214.0,5510.0,28146,21548,5824.0,79,5826.0,53,5828.0,31,5830.0,116,5832.0,170,5836.0,209,5838.0,73,5840.0,153,5842.0,27,5844.0,62,5834.0
TA410,,13:43:58.500#,5868.0,5874.0,5808.0,6214.0,5510.0,28146,21548,5824.0,79,5826.0,53,5828.0,31,5830.0,116,5832.0,170,5834.0,5,5836.0,184,5838.0,93,5840.0,153,5842.0,27,5834.0
TA410,,13:43:58.750#,5868.0,5874.0,5808.0,6214.0,5510.0,28146,21548,5824.0,79,5826.0,53,5828.0,31,5830.0,116,5832.0,170,5834.0,5,5836.0,204,5838.0,73,5840.0,153,5842.0,27,5834.0
TA410,,13:44:03.750#,5868.0,5874.0,5808.0,6214.0,5510.0,28151,21553,5824.0,79,5826.0,53,5828.0,31,5830.0,116,5832.0,170,5836.0,214,5838.0,73,5840.0,153,5842.0,27,5844.0,62,5834.0
TA410,,13:44:04.0#,5868.0,5874.0,5808.0,6214.0,5510.0,28151,21553,5824.0,79,5826.0,53,5828.0,31,5830.0,116,5832.0,170,5834.0,5,5836.0,184,5838.0,93,5840.0,153,5842.0,27,5834.0
TA410,,13:44:04.250#,5868.0,5874.0,5808.0,6214.0,5510.0,28151,21553,5824.0,79,5826.0,53,5828.0,31,5830.0,116,5832.0,170,5834.0,5,5836.0,204,5838.0,73,5840.0,153,5842.0,27,5834.0
TA410,,13:44:05.0#,5868.0,5874.0,5808.0,6214.0,5510.0,28151,21553,5824.0,79,5826.0,53,5828.0,31,5830.0,116,5832.0,170,5834.0,10,5836.0,204,5838.0,73,5840.0,153,5842.0,27,5834.0
TA410,,13:44:05.250#,5868.0,5874.0,5808.0,6214.0,5510.0,28151,21553,5824.0,79,5826.0,53,5828.0,31,5830.0,116,5832.0,170,5834.0,11,5836.0,203,5838.0,73,5840.0,153,5842.0,27,5834.0
TA410,,13:44:09.750#,5868.0,5874.0,5808.0,6214.0,5510.0,28162,21564,5826.0,53,5828.0,31,5830.0,116,5832.0,111,5834.0,1,5836.0,205,5838.0,73,5840.0,153,5842.0,27,5844.0,62,5834.0
TA410,,13:44:10.0#,5868.0,5874.0,5808.0,6214.0,5510.0,28167,21564,5826.0,53,5828.0,31,5830.0,96,5832.0,141,5834.0,1,5836.0,199,5838.0,93,5840.0,153,5842.0,27,5844.0,62,5834.0
TA410,,13:44:10.250#,5868.0,5874.0,5808.0,6214.0,5510.0,28167,21564,5826.0,53,5828.0,31,5830.0,86,5832.0,156,5834.0,1,5836.0,207,5838.0,103,5840.0,153,5842.0,27,5844.0,67,5834.0
TA410,,13:44:10.500#,5868.0,5874.0,5808.0,6214.0,5510.0,28167,21564,5826.0,53,5828.0,31,5830.0,96,5832.0,146,5834.0,1,5836.0,207,5838.0,103,5840.0,153,5842.0,27,5844.0,67,5834.0
TA410,,13:44:11.500#,5868.0,5874.0,5808.0,6214.0,5510.0,28167,21564,5826.0,53,5828.0,31,5830.0,86,5832.0,156,5834.0,6,5836.0,207,5838.0,103,5840.0,153,5842.0,27,5844.0,67,5834.0
TA410,,13:44:11.750#,5868.0,5874.0,5808.0,6214.0,5510.0,28173,21569,5824.0,77,5826.0,53,5828.0,31,5830.0,96,5832.0,184,5836.0,201,5838.0,103,5840.0,153,5842.0,27,5844.0,67,5834.0
TA410,,13:44:12.0#,5868.0,5874.0,5808.0,6214.0,5510.0,28173,21569,5824.0,79,5826.0,53,5828.0,31,5830.0,106,5832.0,174,5836.0,201,5838.0,103,5840.0,153,5842.0,27,5844.0,67,5834.0
TA410,,13:44:12.250#,5868.0,5874.0,5808.0,6214.0,5510.0,28173,21569,5824.0,79,5826.0,53,5828.0,31,5830.0,116,5832.0,164,5836.0,211,5838.0,93,5840.0,153,5842.0,27,5844.0,67,5834.0
TA410,,13:44:13.500#,5868.0,5874.0,5808.0,6214.0,5510.0,28173,21569,5824.0,79,5826.0,53,5828.0,31,5830.0,116,5832.0,164,5834.0,5,5836.0,205,5838.0,93,5840.0,153,5842.0,27,5834.0
TA410,,13:44:13.750#,5868.0,5874.0,5808.0,6214.0,5510.0,28173,21569,5824.0,79,5826.0,53,5828.0,31,5830.0,116,5832.0,164,5834.0,7,5836.0,207,5838.0,73,5840.0,153,5842.0,27,5834.0
TA410,,13:44:14.0#,5868.0,5874.0,5808.0,6214.0,5510.0,28173,21569,5824.0,79,5826.0,53,5828.0,31,5830.0,116,5832.0,164,5834.0,7,5836.0,207,5838.0,73,5840.0,153,5842.0,27,5834.0
TA410,,13:44:17.250#,5868.0,5874.0,5808.0,6214.0,5510.0,28173,21569,5824.0,79,5826.0,53,5828.0,35,5830.0,116,5832.0,164,5834.0,7,5836.0,207,5838.0,73,5840.0,153,5842.0,27,5834.0
TA410,,13:44:18.0#,5868.0,5874.0,5808.0,6214.0,5510.0,28173,21569,5824.0,79,5826.0,53,5828.0,35,5830.0,116,5832.0,164,5834.0,7,5836.0,207,5838.0,73,5840.0,153,5842.0,27,5834.0
TA410,,13:44:20.0#,5868.0,5874.0,5808.0,6214.0,5510.0,28173,21569,5824.0,79,5826.0,57,5828.0,35,5830.0,116,5832.0,164,5834.0,7,5836.0,207,5838.0,73,5840.0,153,5842.0,27,5834.0
TA410,,13:44:24.500#,5868.0,5874.0,5808.0,6214.0,5510.0,28173,21569,5824.0,79,5826.0,57,5828.0,35,5830.0,116,5832.0,164,5834.0,7,5836.0,207,5838.0,73,5840.0,153,5842.0,27,5834.0
TA410,,13:44:24.750#,5868.0,5874.0,5808.0,6214.0,5510.0,28173,21569,5824.0,79,5826.0,57,5828.0,35,5830.0,116,5832.0,164,5834.0,7,5836.0,207,5838.0,73,5840.0,153,5842.0,27,5834.0
TA410,,13:44:38.750#,5868.0,5874.0,5808.0,6214.0,5510.0,28180,21574,5824.0,79,5826.0,57,5828.0,35,5830.0,116,5832.0,157,5836.0,213,5838.0,73,5840.0,153,5842.0,27,5844.0,65,5834.0
TA410,,13:44:39.0#,5868.0,5874.0,5808.0,6214.0,5510.0,28180,21574,5824.0,79,5826.0,57,5828.0,35,5830.0,116,5832.0,157,5836.0,193,5838.0,93,5840.0,153,5842.0,27,5844.0,67,5834.0
TA410,,13:44:39.250#,5868.0,5874.0,5808.0,6214.0,5510.0,28180,21574,5824.0,79,5826.0,57,5828.0,35,5830.0,116,5832.0,157,5836.0,211,5838.0,93,5840.0,153,5842.0,27,5844.0,67,5834.0
TA410,,13:44:40.250#,5868.0,5874.0,5808.0,6214.0,5510.0,28180,21574,5824.0,79,5826.0,57,5828.0,35,5830.0,116,5832.0,157,5836.0,193,5838.0,93,5840.0,153,5842.0,27,5844.0,67,5834.0
TA410,,13:44:41.500#,5868.0,5874.0,5808.0,6214.0,5510.0,28194,21564,5824.0,79,5826.0,57,5828.0,35,5830.0,116,5832.0,153,5834.0,3,5836.0,207,5838.0,73,5840.0,153,5842.0,27,5832.0
TA410,,13:44:41.750#,5868.0,5874.0,5808.0,6214.0,5510.0,28194,21564,5824.0,79,5826.0,57,5828.0,35,5830.0,126,5832.0,143,5834.0,8,5836.0,207,5838.0,73,5840.0,153,5842.0,27,5832.0
TA410,,13:44:42.0#,5868.0,5874.0,5808.0,6214.0,5510.0,28194,21564,5824.0,79,5826.0,57,5828.0,35,5830.0,126,5832.0,138,5834.0,8,5836.0,207,5838.0,73,5840.0,153,5842.0,27,5832.0
TA410,,13:44:42.250#,5868.0,5874.0,5808.0,6214.0,5510.0,28194,21564,5824.0,79,5826.0,57,5828.0,35,5830.0,126,5832.0,138,5834.0,8,5836.0,207,5838.0,73,5840.0,153,5842.0,27,5832.0
TA410,,13:44:45.750#,5868.0,5874.0,5808.0,6214.0,5510.0,28194,21564,5824.0,79,5826.0,57,5828.0,35,5830.0,126,5832.0,138,5834.0,13,5836.0,202,5838.0,73,5840.0,153,5842.0,27,5832.0
TA410,,13:44:46.0#,5868.0,5874.0,5808.0,6214.0,5510.0,28194,21564,5824.0,79,5826.0,57,5828.0,35,5830.0,126,5832.0,138,5834.0,14,5836.0,201,5838.0,73,5840.0,153,5842.0,27,5832.0
TA410,,13:44:51.0#,5868.0,5874.0,5808.0,6214.0,5510.0,28194,21564,5824.0,79,5826.0,57,5828.0,35,5830.0,136,5832.0,128,5834.0,14,5836.0,201,5838.0,73,5840.0,153,5842.0,27,5832.0
TA410,,13:45:01.0#,5868.0,5874.0,5808.0,6214.0,5510.0,28206,21574,5824.0,79,5826.0,57,5828.0,45,5830.0,156,5832.0,47,5834.0,52,5836.0,177,5838.0,83,5840.0,153,5842.0,27,5834.0
TA410,,13:45:01.500#,5868.0,5874.0,5808.0,6214.0,5510.0,28206,21574,5824.0,79,5826.0,67,5828.0,55,5830.0,166,5832.0,18,5834.0,86,5836.0,156,5838.0,93,5840.0,153,5842.0,27,5834.0
TA410,,13:45:03.0#,5868.0,5874.0,5808.0,6214.0,5510.0,28232,21590,5824.0,79,5826.0,57,5828.0,35,5830.0,196,5832.0,17,5834.0,65,5836.0,186,5838.0,73,5840.0,153,5842.0,27,5834.0
TA410,,13:45:03.250#,5868.0,5874.0,5808.0,6214.0,5510.0,28232,21590,5824.0,79,5826.0,57,5828.0,35,5830.0,196,5832.0,17,5834.0,76,5836.0,186,5838.0,73,5840.0,153,5842.0,27,5834.0
TA410,,13:45:04.500#,5868.0,5874.0,5808.0,6214.0,5510.0,28232,21590,5824.0,79,5826.0,57,5828.0,35,5830.0,196,5832.0,17,5834.0,71,5836.0,186,5838.0,73,5840.0,153,5842.0,27,5834.0
TA410,,13:45:10.0#,5868.0,5874.0,5808.0,6214.0,5510.0,28232,21590,5824.0,79,5826.0,57,5828.0,35,5830.0,196,5832.0,18,5834.0,72,5836.0,186,5838.0,73,5840.0,153,5842.0,27,5834.0
TA410,,13:45:12.250#,5868.0,5874.0,5808.0,6214.0,5510.0,28232,21590,5824.0,79,5826.0,57,5828.0,35,5830.0,196,5832.0,18,5834.0,72,5836.0,171,5838.0,73,5840.0,153,5842.0,27,5834.0
TA410,,13:45:14.500#,5868.0,5874.0,5808.0,6214.0,5510.0,28232,21590,5824.0,79,5826.0,57,5828.0,35,5830.0,196,5832.0,28,5834.0,72,5836.0,186,5838.0,73,5840.0,153,5842.0,27,5834.0
TA410,,13:45:17.250#,5868.0,5874.0,5808.0,6214.0,5510.0,28232,21590,5824.0,79,5826.0,57,5828.0,45,5830.0,146,5832.0,179,5834.0,62,5836.0,186,5838.0,73,5840.0,163,5842.0,27,5834.0
TA410,,13:45:18.500#,5868.0,5874.0,5808.0,6214.0,5510.0,28232,21590,5824.0,79,5826.0,57,5828.0,35,5830.0,146,5832.0,189,5834.0,62,5836.0,196,5838.0,73,5840.0,153,5842.0,27,5834.0
TA410,,13:45:19.0#,5868.0,5874.0,5808.0,6214.0,5510.0,28232,21590,5824.0,79,5826.0,57,5828.0,35,5830.0,146,5832.0,184,5834.0,62,5836.0,196,5838.0,73,5840.0,153,5842.0,27,5834.0
TA410,,13:45:19.250#,5868.0,5874.0,5808.0,6214.0,5510.0,28232,21590,5824.0,79,5826.0,57,5828.0,35,5830.0,146,5832.0,189,5834.0,62,5836.0,196,5838.0,73,5840.0,153,5842.0,27,5834.0
TA410,,13:45:21.750#,5868.0,5874.0,5808.0,6214.0,5510.0,28232,21590,5824.0,79,5826.0,57,5828.0,35,5830.0,146,5832.0,189,5834.0,62,5836.0,196,5838.0,73,5840.0,153,5842.0,27,5834.0
TA410,,13:45:22.0#,5868.0,5874.0,5808.0,6214.0,5510.0,28232,21590,5824.0,79,5826.0,57,5828.0,35,5830.0,146,5832.0,179,5834.0,62,5836.0,196,5838.0,73,5840.0,153,5842.0,27,5834.0
TA410,,13:45:25.250#,5868.0,5874.0,5808.0,6214.0,5510.0,28232,21590,5824.0,79,5826.0,57,5828.0,35,5830.0,146,5832.0,174,5834.0,62,5836.0,196,5838.0,73,5840.0,153,5842.0,27,5834.0
TA410,,13:45:25.750#,5868.0,5874.0,5808.0,6214.0,5510.0,28233,21590,5824.0,79,5826.0,57,5828.0,35,5830.0,146,5832.0,172,5834.0,62,5836.0,196,5838.0,73,5840.0,153,5842.0,27,5832.0
TA410,,13:45:26.0#,5868.0,5874.0,5808.0,6214.0,5510.0,28233,21590,5824.0,79,5826.0,57,5828.0,35,5830.0,146,5832.0,164,5834.0,62,5836.0,196,5838.0,73,5840.0,153,5842.0,27,5832.0
TA410,,13:45:26.500#,5868.0,5874.0,5808.0,6214.0,5510.0,28237,21590,5824.0,79,5826.0,57,5828.0,35,5830.0,146,5832.0,160,5834.0,69,5836.0,196,5838.0,73,5840.0,153,5842.0,27,5832.0
TA410,,13:45:27.0#,5868.0,5874.0,5808.0,6214.0,5510.0,28239,21590,5824.0,79,5826.0,57,5828.0,35,5830.0,146,5832.0,161,5834.0,67,5836.0,196,5838.0,73,5840.0,153,5842.0,27,5832.0
TA410,,13:45:27.250#,5868.0,5874.0,5808.0,6214.0,5510.0,28241,21590,5824.0,79,5826.0,57,5828.0,35,5830.0,146,5832.0,159,5834.0,65,5836.0,196,5838.0,73,5840.0,153,5842.0,27,5832.0
TA410,,13:45:27.500#,5868.0,5874.0,5808.0,6214.0,5510.0,28241,21590,5824.0,79,5826.0,57,5828.0,35,5830.0,146,5832.0,160,5834.0,65,5836.0,196,5838.0,73,5840.0,153,5842.0,27,5832.0
TA410,,13:45:28.250#,5868.0,5874.0,5808.0,6214.0,5510.0,28243,21590,5824.0,79,5826.0,57,5828.0,35,5830.0,146,5832.0,158,5834.0,63,5836.0,196,5838.0,73,5840.0,153,5842.0,27,5832.0
TA410,,13:45:28.500#,5868.0,5874.0,5808.0,6214.0,5510.0,28245,21590,5824.0,79,5826.0,57,5828.0,35,5830.0,146,5832.0,156,5834.0,66,5836.0,195,5838.0,73,5840.0,153,5842.0,27,5832.0
TA410,,13:45:28.750#,5868.0,5874.0,5808.0,6214.0,5510.0,28245,21590,5824.0,79,5826.0,57,5828.0,35,5830.0,146,5832.0,160,5834.0,66,5836.0,195,5838.0,73,5840.0,153,5842.0,27,5832.0
TA410,,13:45:29.0#,5868.0,5874.0,5808.0,6214.0,5510.0,28252,21590,5824.0,79,5826.0,57,5828.0,35,5830.0,146,5832.0,133,5834.0,80,5836.0,175,5838.0,73,5840.0,153,5842.0,27,5832.0
TA410,,13:45:29.250#,5868.0,5874.0,5808.0,6214.0,5510.0,28252,21590,5824.0,79,5826.0,57,5828.0,35,5830.0,157,5832.0,128,5834.0,90,5836.0,175,5838.0,73,5840.0,153,5842.0,27,5832.0
TA410,,13:45:31.0#,5868.0,5874.0,5808.0,6214.0,5510.0,28253,21589,5824.0,79,5826.0,57,5828.0,35,5830.0,157,5832.0,122,5834.0,90,5836.0,186,5838.0,73,5840.0,153,5842.0,27,5832.0
TA410,,13:45:31.250#,5868.0,5874.0,5808.0,6214.0,5510.0,28253,21589,5824.0,79,5826.0,57,5828.0,35,5830.0,157,5832.0,117,5834.0,90,5836.0,186,5838.0,73,5840.0,153,5842.0,27,5832.0
TA410,,13:45:32.0#,5868.0,5874.0,5808.0,6214.0,5510.0,28253,21589,5824.0,79,5826.0,57,5828.0,35,5830.0,157,5832.0,142,5834.0,90,5836.0,186,5838.0,73,5840.0,153,5842.0,27,5832.0
TA410,,13:45:32.250#,5868.0,5874.0,5808.0,6214.0,5510.0,28253,21589,5824.0,79,5826.0,57,5828.0,35,5830.0,157,5832.0,137,5834.0,90,5836.0,186,5838.0,73,5840.0,153,5842.0,27,5832.0
TA410,,13:45:32.500#,5868.0,5874.0,5808.0,6214.0,5510.0,28253,21589,5824.0,79,5826.0,57,5828.0,35,5830.0,157,5832.0,147,5834.0,90,5836.0,186,5838.0,73,5840.0,153,5842.0,27,5832.0
TA410,,13:45:32.750#,5868.0,5874.0,5808.0,6214.0,5510.0,28268,21587,5824.0,79,5826.0,57,5828.0,45,5830.0,157,5832.0,127,5834.0,97,5836.0,176,5838.0,73,5840.0,153,5842.0,27,5832.0
TA410,,13:45:33.0#,5868.0,5874.0,5808.0,6214.0,5510.0,28268,21587,5824.0,79,5826.0,57,5828.0,45,5830.0,157,5832.0,127,5834.0,87,5836.0,161,5838.0,73,5840.0,163,5842.0,27,5832.0
TA410,,13:45:33.250#,5868.0,5874.0,5808.0,6214.0,5510.0,28268,21587,5824.0,79,5826.0,57,5828.0,45,5830.0,136,5832.0,163,5834.0,77,5836.0,171,5838.0,73,5840.0,163,5842.0,27,5832.0
TA410,,13:45:33.500#,5868.0,5874.0,5808.0,6214.0,5510.0,28268,21587,5824.0,79,5826.0,57,5828.0,35,5830.0,146,5832.0,163,5834.0,77,5836.0,181,5838.0,73,5840.0,153,5842.0,27,5832.0
TA410,,13:45:33.750#,5868.0,5874.0,5808.0,6214.0,5510.0,28268,21587,5824.0,79,5826.0,57,5828.0,35,5830.0,146,5832.0,158,5834.0,77,5836.0,181,5838.0,73,5840.0,153,5842.0,27,5832.0
TA410,,13:45:34.250#,5868.0,5874.0,5808.0,6214.0,5510.0,28268,21587,5824.0,79,5826.0,57,5828.0,35,5830.0,146,5832.0,153,5834.0,77,5836.0,181,5838.0,73,5840.0,153,5842.0,27,5832.0
TA410,,13:45:35.0#,5868.0,5874.0,5808.0,6214.0,5510.0,28268,21587,5824.0,79,5826.0,57,5828.0,35,5830.0,146,5832.0,148,5834.0,77,5836.0,181,5838.0,73,5840.0,153,5842.0,27,5832.0
TA410,,13:45:35.250#,5868.0,5874.0,5808.0,6214.0,5510.0,28268,21587,5824.0,79,5826.0,57,5828.0,35,5830.0,146,5832.0,143,5834.0,77,5836.0,181,5838.0,73,5840.0,153,5842.0,27,5832.0
TA410,,13:45:35.750#,5868.0,5874.0,5808.0,6214.0,5510.0,28268,21587,5824.0,79,5826.0,57,5828.0,35,5830.0,146,5832.0,138,5834.0,77,5836.0,181,5838.0,73,5840.0,153,5842.0,27,5832.0
TA410,,13:45:36.0#,5868.0,5874.0,5808.0,6214.0,5510.0,28268,21587,5824.0,79,5826.0,57,5828.0,35,5830.0,146,5832.0,138,5834.0,57,5836.0,181,5838.0,71,5840.0,153,5842.0,27,5832.0
TA410,,13:45:36.250#,5868.0,5874.0,5808.0,6214.0,5510.0,28268,21587,5824.0,79,5826.0,57,5828.0,35,5830.0,146,5832.0,133,5834.0,57,5836.0,181,5838.0,71,5840.0,153,5842.0,27,5832.0
TA410,,13:45:36.500#,5868.0,5874.0,5808.0,6214.0,5510.0,28269,21587,5824.0,79,5826.0,57,5828.0,35,5830.0,146,5832.0,132,5834.0,56,5836.0,181,5838.0,71,5840.0,153,5842.0,27,5832.0
TA410,,13:45:36.750#,5868.0,5874.0,5808.0,6214.0,5510.0,28269,21587,5824.0,79,5826.0,57,5828.0,35,5830.0,146,5832.0,130,5834.0,56,5836.0,181,5838.0,71,5840.0,153,5842.0,27,5832.0
TA410,,13:45:37.0#,5868.0,5874.0,5808.0,6214.0,5510.0,28269,21587,5824.0,79,5826.0,57,5828.0,35,5830.0,146,5832.0,131,5834.0,56,5836.0,181,5838.0,71,5840.0,153,5842.0,27,5832.0
TA410,,13:45:37.500#,5868.0,5874.0,5808.0,6214.0,5510.0,28269,21587,5824.0,79,5826.0,57,5828.0,35,5830.0,146,5832.0,131,5834.0,56,5836.0,183,5838.0,71,5840.0,153,5842.0,27,5832.0
TA410,,13:45:38.250#,5868.0,5874.0,5808.0,6214.0,5510.0,28269,21587,5824.0,79,5826.0,57,5828.0,35,5830.0,146,5832.0,131,5834.0,46,5836.0,193,5838.0,71,5840.0,153,5842.0,27,5832.0
TA410,,13:45:38.500#,5868.0,5874.0,5808.0,6214.0,5510.0,28269,21587,5824.0,79,5826.0,57,5828.0,35,5830.0,146,5832.0,131,5834.0,36,5836.0,203,5838.0,71,5840.0,153,5842.0,27,5832.0
TA410,,13:45:39.0#,5868.0,5874.0,5808.0,6214.0,5510.0,28269,21587,5824.0,79,5826.0,57,5828.0,35,5830.0,146,5832.0,131,5834.0,36,5836.0,203,5838.0,71,5840.0,153,5842.0,27,5832.0
TA410,,13:45:41.250#,5868.0,5874.0,5808.0,6214.0,5510.0,28269,21587,5824.0,79,5826.0,57,5828.0,35,5830.0,146,5832.0,132,5834.0,36,5836.0,203,5838.0,71,5840.0,153,5842.0,27,5832.0
TA410,,13:45:42.500#,5868.0,5874.0,5808.0,6214.0,5510.0,28269,21587,5824.0,79,5826.0,57,5828.0,35,5830.0,146,5832.0,139,5834.0,36,5836.0,203,5838.0,71,5840.0,153,5842.0,27,5832.0
TA410,,13:45:43.250#,5868.0,5874.0,5808.0,6214.0,5510.0,28269,21587,5824.0,79,5826.0,57,5828.0,35,5830.0,146,5832.0,140,5834.0,36,5836.0,203,5838.0,71,5840.0,153,5842.0,27,5832.0
TA410,,13:45:43.500#,5868.0,5874.0,5808.0,6214.0,5510.0,28269,21587,5824.0,79,5826.0,57,5828.0,35,5830.0,146,5832.0,174,5834.0,36,5836.0,203,5838.0,71,5840.0,153,5842.0,27,5832.0
TA410,,13:45:44.250#,5868.0,5874.0,5808.0,6214.0,5510.0,28269,21587,5824.0,79,5826.0,57,5828.0,35,5830.0,146,5832.0,174,5834.0,45,5836.0,203,5838.0,71,5840.0,153,5842.0,27,5832.0
TA410,,13:45:45.500#,5868.0,5874.0,5808.0,6214.0,5510.0,28269,21587,5824.0,79,5826.0,57,5828.0,35,5830.0,146,5832.0,179,5834.0,45,5836.0,203,5838.0,71,5840.0,153,5842.0,27,5832.0
TA410,,13:45:45.750#,5868.0,5874.0,5808.0,6214.0,5510.0,28269,21587,5824.0,79,5826.0,57,5828.0,35,5830.0,146,5832.0,179,5834.0,45,5836.0,201,5838.0,71,5840.0,153,5842.0,27,5832.0
TA410,,13:45:46.0#,5868.0,5874.0,5808.0,6214.0,5510.0,28269,21587,5824.0,79,5826.0,57,5828.0,35,5830.0,146,5832.0,179,5834.0,36,5836.0,201,5838.0,73,5840.0,153,5842.0,27,5832.0
TA410,,13:45:51.750#,5868.0,5874.0,5808.0,6214.0,5510.0,28269,21587,5824.0,79,5826.0,57,5828.0,35,5830.0,146,5832.0,180,5834.0,36,5836.0,201,5838.0,73,5840.0,153,5842.0,27,5832.0
TA410,,13:45:54.500#,5868.0,5874.0,5808.0,6214.0,5510.0,28270,21587,5824.0,79,5826.0,57,5828.0,35,5830.0,146,5832.0,179,5834.0,39,5836.0,201,5838.0,73,5840.0,153,5842.0,27,5832.0
TA410,,13:45:56.750#,5868.0,5874.0,5808.0,6214.0,5510.0,28270,21587,5824.0,79,5826.0,57,5828.0,35,5830.0,146,5832.0,139,5834.0,39,5836.0,201,5838.0,73,5840.0,153,5842.0,27,5832.0
TA410,,13:45:59.0#,5868.0,5874.0,5808.0,6214.0,5510.0,28270,21587,5824.0,79,5826.0,57,5828.0,35,5830.0,146,5832.0,128,5834.0,48,5836.0,191,5838.0,73,5840.0,153,5842.0,27,5832.0
TA410,,13:45:59.250#,5868.0,5874.0,5808.0,6214.0,5510.0,28270,21587,5824.0,79,5826.0,57,5828.0,35,5830.0,146,5832.0,138,5834.0,48,5836.0,201,5838.0,73,5840.0,153,5842.0,27,5832.0
TA410,,13:46:01.250#,5868.0,5874.0,5808.0,6214.0,5510.0,28270,21587,5824.0,79,5826.0,57,5828.0,35,5830.0,146,5832.0,144,5834.0,48,5836.0,201,5838.0,73,5840.0,153,5842.0,27,5832.0
TA410,,13:46:01.500#,5868.0,5874.0,5808.0,6214.0,5510.0,28270,21587,5824.0,79,5826.0,57,5828.0,35,5830.0,146,5832.0,145,5834.0,48,5836.0,201,5838.0,73,5840.0,153,5842.0,27,5832.0
TA410,,13:46:01.750#,5868.0,5874.0,5808.0,6214.0,5510.0,28270,21587,5824.0,79,5826.0,57,5828.0,35,5830.0,146,5832.0,136,5834.0,48,5836.0,201,5838.0,73,5840.0,153,5842.0,27,5832.0
TA410,,13:46:02.0#,5868.0,5874.0,5808.0,6214.0,5510.0,28270,21587,5824.0,79,5826.0,57,5828.0,35,5830.0,146,5832.0,131,5834.0,48,5836.0,201,5838.0,73,5840.0,153,5842.0,27,5832.0
TA410,,13:46:02.250#,5868.0,5874.0,5808.0,6214.0,5510.0,28270,21587,5824.0,79,5826.0,57,5828.0,35,5830.0,146,5832.0,134,5834.0,48,5836.0,201,5838.0,73,5840.0,153,5842.0,27,5832.0
TA410,,13:46:03.750#,5868.0,5874.0,5808.0,6214.0,5510.0,28283,21598,5824.0,79,5826.0,58,5828.0,35,5830.0,146,5832.0,140,5834.0,37,5836.0,202,5838.0,73,5840.0,153,5842.0,27,5834.0
TA410,,13:46:04.0#,5868.0,5874.0,5808.0,6214.0,5510.0,28283,21598,5824.0,79,5826.0,58,5828.0,35,5830.0,146,5832.0,140,5834.0,42,5836.0,202,5838.0,73,5840.0,153,5842.0,27,5834.0
TA410,,13:46:04.500#,5868.0,5874.0,5808.0,6214.0,5510.0,28283,21598,5824.0,79,5826.0,58,5828.0,35,5830.0,146,5832.0,141,5834.0,42,5836.0,202,5838.0,73,5840.0,153,5842.0,27,5834.0
TA410,,13:46:05.0#,5868.0,5874.0,5808.0,6214.0,5510.0,28283,21598,5824.0,79,5826.0,58,5828.0,35,5830.0,146,5832.0,143,5834.0,42,5836.0,202,5838.0,73,5840.0,153,5842.0,27,5834.0
TA410,,13:46:06.250#,5868.0,5874.0,5808.0,6214.0,5510.0,28284,21598,5824.0,79,5826.0,58,5828.0,35,5830.0,146,5832.0,142,5834.0,41,5836.0,202,5838.0,73,5840.0,153,5842.0,27,5832.0
TA410,,13:46:08.250#,5868.0,5874.0,5808.0,6214.0,5510.0,28285,21598,5824.0,79,5826.0,58,5828.0,35,5830.0,146,5832.0,141,5834.0,40,5836.0,202,5838.0,73,5840.0,153,5842.0,27,5832.0
TA410,,13:46:08.500#,5868.0,5874.0,5808.0,6214.0,5510.0,28285,21598,5824.0,79,5826.0,58,5828.0,35,5830.0,146,5832.0,141,5834.0,41,5836.0,201,5838.0,73,5840.0,153,5842.0,27,5832.0
TA410,,13:46:09.250#,5868.0,5874.0,5808.0,6214.0,5510.0,28287,21598,5824.0,79,5826.0,58,5828.0,35,5830.0,146,5832.0,139,5834.0,46,5836.0,201,5838.0,73,5840.0,153,5842.0,27,5832.0
TA410,,13:46:09.750#,5868.0,5874.0,5808.0,6214.0,5510.0,28287,21598,5824.0,79,5826.0,58,5828.0,35,5830.0,146,5832.0,129,5834.0,46,5836.0,191,5838.0,73,5840.0,153,5842.0,27,5832.0
TA410,,13:46:10.0#,5868.0,5874.0,5808.0,6214.0,5510.0,28287,21598,5824.0,79,5826.0,58,5828.0,35,5830.0,146,5832.0,149,5834.0,46,5836.0,201,5838.0,73,5840.0,153,5842.0,27,5832.0
TA410,,13:46:10.750#,5868.0,5874.0,5808.0,6214.0,5510.0,28287,21598,5824.0,79,5826.0,58,5828.0,35,5830.0,146,5832.0,149,5834.0,37,5836.0,201,5838.0,73,5840.0,153,5842.0,27,5832.0
TA410,,13:46:11.250#,5868.0,5874.0,5808.0,6214.0,5510.0,28287,21598,5824.0,79,5826.0,58,5828.0,35,5830.0,146,5832.0,155,5834.0,37,5836.0,201,5838.0,73,5840.0,153,5842.0,27,5832.0
TA410,,13:46:13.250#,5868.0,5874.0,5808.0,6214.0,5510.0,28288,21599,5824.0,79,5826.0,58,5828.0,35,5830.0,146,5832.0,155,5834.0,36,5836.0,201,5838.0,73,5840.0,153,5842.0,27,5834.0
TA410,,13:46:15.500#,5868.0,5874.0,5808.0,6214.0,5510.0,28288,21599,5824.0,79,5826.0,58,5828.0,35,5830.0,146,5832.0,150,5834.0,36,5836.0,201,5838.0,73,5840.0,153,5842.0,27,5834.0
TA410,,13:46:15.750#,5868.0,5874.0,5808.0,6214.0,5510.0,28288,21599,5824.0,79,5826.0,58,5828.0,35,5830.0,146,5832.0,150,5834.0,45,5836.0,201,5838.0,73,5840.0,153,5842.0,27,5834.0
TA410,,13:46:17.750#,5868.0,5874.0,5808.0,6214.0,5510.0,28288,21599,5824.0,79,5826.0,58,5828.0,35,5830.0,146,5832.0,150,5834.0,36,5836.0,201,5838.0,73,5840.0,153,5842.0,27,5834.0
TA410,,13:46:18.250#,5868.0,5874.0,5808.0,6214.0,5510.0,28288,21599,5824.0,79,5826.0,58,5828.0,35,5830.0,146,5832.0,150,5834.0,45,5836.0,201,5838.0,73,5840.0,153,5842.0,27,5834.0
TA410,,13:46:21.500#,5868.0,5874.0,5808.0,6214.0,5510.0,28289,21600,5824.0,79,5826.0,58,5828.0,35,5830.0,146,5832.0,150,5834.0,44,5836.0,201,5838.0,73,5840.0,153,5842.0,27,5834.0
TA410,,13:46:23.750#,5868.0,5874.0,5808.0,6214.0,5510.0,28291,21601,5824.0,79,5826.0,58,5828.0,35,5830.0,146,5832.0,150,5834.0,42,5836.0,201,5838.0,73,5840.0,153,5842.0,27,5834.0
TA410,,13:46:24.0#,5868.0,5874.0,5808.0,6214.0,5510.0,28291,21601,5824.0,79,5826.0,58,5828.0,35,5830.0,136,5832.0,160,5834.0,42,5836.0,201,5838.0,73,5840.0,153,5842.0,27,5834.0
TA410,,13:46:24.750#,5868.0,5874.0,5808.0,6214.0,5510.0,28291,21601,5824.0,79,5826.0,58,5828.0,35,5830.0,136,5832.0,160,5834.0,33,5836.0,201,5838.0,73,5840.0,153,5842.0,27,5834.0
TA410,,13:46:25.250#,5868.0,5874.0,5808.0,6214.0,5510.0,28291,21601,5824.0,79,5826.0,58,5828.0,35,5830.0,136,5832.0,160,5834.0,42,5836.0,201,5838.0,73,5840.0,153,5842.0,27,5834.0
TA410,,13:46:25.500#,5868.0,5874.0,5808.0,6214.0,5510.0,28291,21601,5824.0,79,5826.0,58,5828.0,35,5830.0,136,5832.0,161,5834.0,42,5836.0,201,5838.0,73,5840.0,153,5842.0,27,5834.0
TA410,,13:46:28.250#,5868.0,5874.0,5808.0,6214.0,5510.0,28291,21601,5824.0,79,5826.0,58,5828.0,35,5830.0,136,5832.0,151,5834.0,42,5836.0,201,5838.0,73,5840.0,153,5842.0,27,5834.0
TA410,,13:46:28.500#,5868.0,5874.0,5808.0,6214.0,5510.0,28291,21601,5824.0,79,5826.0,58,5828.0,35,5830.0,136,5832.0,153,5834.0,47,5836.0,201,5838.0,73,5840.0,153,5842.0,27,5834.0
TA410,,13:46:29.500#,5868.0,5874.0,5808.0,6214.0,5510.0,28292,21601,5824.0,79,5826.0,58,5828.0,35,5830.0,136,5832.0,153,5834.0,46,5836.0,201,5838.0,73,5840.0,153,5842.0,27,5834.0
TA410,,13:46:30.250#,5868.0,5874.0,5808.0,6214.0,5510.0,28292,21601,5824.0,79,5826.0,58,5828.0,35,5830.0,136,5832.0,152,5834.0,46,5836.0,201,5838.0,73,5840.0,153,5842.0,27,5834.0
TA410,,13:46:33.750#,5868.0,5874.0,5808.0,6214.0,5510.0,28292,21601,5824.0,79,5826.0,58,5828.0,35,5830.0,136,5832.0,153,5834.0,46,5836.0,201,5838.0,73,5840.0,153,5842.0,27,5834.0
TA410,,13:46:36.500#,5868.0,5874.0,5808.0,6214.0,5510.0,28293,21601,5824.0,79,5826.0,58,5828.0,35,5830.0,136,5832.0,152,5834.0,45,5836.0,201,5838.0,73,5840.0,153,5842.0,27,5834.0
TA410,,13:46:36.750#,5868.0,5874.0,5808.0,6214.0,5510.0,28293,21601,5824.0,79,5826.0,58,5828.0,35,5830.0,136,5832.0,156,5834.0,45,5836.0,201,5838.0,73,5840.0,153,5842.0,27,5834.0
TA410,,13:46:37.0#,5868.0,5874.0,5808.0,6214.0,5510.0,28293,21601,5824.0,79,5826.0,58,5828.0,35,5830.0,136,5832.0,147,5834.0,45,5836.0,201,5838.0,73,5840.0,153,5842.0,27,5834.0
TA410,,13:46:37.250#,5868.0,5874.0,5808.0,6214.0,5510.0,28293,21601,5824.0,79,5826.0,58,5828.0,35,5830.0,136,5832.0,147,5834.0,45,5836.0,201,5838.0,73,5840.0,153,5842.0,27,5834.0
TA410,,13:46:38.750#,5868.0,5874.0,5808.0,6214.0,5510.0,28293,21601,5824.0,79,5826.0,58,5828.0,35,5830.0,136,5832.0,148,5834.0,45,5836.0,201,5838.0,73,5840.0,153,5842.0,27,5834.0
TA410,,13:46:39.0#,5868.0,5874.0,5808.0,6214.0,5510.0,28293,21601,5824.0,79,5826.0,58,5828.0,35,5830.0,136,5832.0,151,5834.0,45,5836.0,201,5838.0,73,5840.0,153,5842.0,27,5834.0
TA410,,13:46:42.250#,5868.0,5874.0,5808.0,6214.0,5510.0,28294,21601,5824.0,79,5826.0,58,5828.0,35,5830.0,136,5832.0,152,5834.0,44,5836.0,201,5838.0,73,5840.0,153,5842.0,27,5834.0
TA410,,13:46:43.0#,5868.0,5874.0,5808.0,6214.0,5510.0,28325,21602,5824.0,79,5826.0,58,5828.0,35,5830.0,136,5832.0,124,5834.0,41,5836.0,190,5838.0,73,5840.0,153,5842.0,27,5832.0
TA410,,13:46:43.250#,5868.0,5874.0,5808.0,6214.0,5510.0,28329,21606,5824.0,79,5826.0,57,5828.0,35,5830.0,146,5832.0,57,5834.0,86,5836.0,165,5838.0,73,5840.0,153,5842.0,27,5832.0
