InstrumentId,ExchangeId,Datetime,OpenPrice,HighestPrice,LowestPrice,UpperLimitPrice,LowerLimitPrice,Volume,OpenInterest,BidPrice5,BidVolume5,BidPrice4,BidVolume4,BidPrice3,BidVolume3,BidPrice2,BidVolume2,BidPrice1,BidVolume1,AskPrice1,AskVolume1,AskPrice2,AskVolume2,AskPrice3,AskVolume3,AskPrice4,AskVolume4,AskPrice5,AskVolume5,LastPrice
TA501,,13:38:35.750#,5848.0,5860.0,5804.0,6200.0,5496.0,95334,327583,5816.0,204,5818.0,142,5820.0,85,5822.0,68,5824.0,147,5826.0,197,5828.0,93,5830.0,94,5832.0,85,5834.0,65,5824.0
TA501,,13:38:36.0#,5848.0,5860.0,5804.0,6200.0,5496.0,95334,327583,5816.0,204,5818.0,142,5820.0,85,5822.0,68,5824.0,144,5826.0,197,5828.0,93,5830.0,94,5832.0,85,5834.0,65,5824.0
TA501,,13:38:36.250#,5848.0,5860.0,5804.0,6200.0,5496.0,95334,327583,5816.0,204,5818.0,142,5820.0,85,5822.0,68,5824.0,144,5826.0,172,5828.0,93,5830.0,94,5832.0,85,5834.0,65,5824.0
TA501,,13:38:37.250#,5848.0,5860.0,5804.0,6200.0,5496.0,95335,327582,5816.0,204,5818.0,142,5820.0,85,5822.0,68,5824.0,143,5826.0,171,5828.0,93,5830.0,94,5832.0,85,5834.0,65,5826.0
TA501,,13:38:37.500#,5848.0,5860.0,5804.0,6200.0,5496.0,95335,327582,5816.0,204,5818.0,142,5820.0,85,5822.0,68,5824.0,143,5826.0,172,5828.0,93,5830.0,94,5832.0,85,5834.0,65,5826.0
TA501,,13:38:38.750#,5848.0,5860.0,5804.0,6200.0,5496.0,95339,327578,5816.0,204,5818.0,142,5820.0,85,5822.0,68,5824.0,139,5826.0,168,5828.0,93,5830.0,94,5832.0,85,5834.0,65,5826.0
TA501,,13:38:39.0#,5848.0,5860.0,5804.0,6200.0,5496.0,95342,327575,5816.0,204,5818.0,142,5820.0,85,5822.0,68,5824.0,140,5826.0,165,5828.0,93,5830.0,94,5832.0,85,5834.0,65,5826.0
TA501,,13:38:40.0#,5848.0,5860.0,5804.0,6200.0,5496.0,95342,327575,5816.0,204,5818.0,142,5820.0,85,5822.0,68,5824.0,140,5826.0,165,5828.0,94,5830.0,94,5832.0,85,5834.0,65,5826.0
TA501,,13:38:41.500#,5848.0,5860.0,5804.0,6200.0,5496.0,95342,327575,5816.0,204,5818.0,142,5820.0,85,5822.0,68,5824.0,141,5826.0,165,5828.0,94,5830.0,94,5832.0,85,5834.0,65,5826.0
TA501,,13:38:42.250#,5848.0,5860.0,5804.0,6200.0,5496.0,95342,327575,5816.0,204,5818.0,142,5820.0,85,5822.0,68,5824.0,141,5826.0,166,5828.0,94,5830.0,94,5832.0,85,5834.0,65,5826.0
TA501,,13:38:42.500#,5848.0,5860.0,5804.0,6200.0,5496.0,95343,327574,5816.0,204,5818.0,142,5820.0,85,5822.0,68,5824.0,140,5826.0,166,5828.0,94,5830.0,94,5832.0,85,5834.0,65,5824.0
TA501,,13:38:43.250#,5848.0,5860.0,5804.0,6200.0,5496.0,95345,327573,5816.0,204,5818.0,142,5820.0,85,5822.0,68,5824.0,134,5826.0,164,5828.0,94,5830.0,94,5832.0,85,5834.0,65,5826.0
TA501,,13:38:43.500#,5848.0,5860.0,5804.0,6200.0,5496.0,95385,327547,5816.0,204,5818.0,142,5820.0,85,5822.0,68,5824.0,94,5826.0,127,5828.0,94,5830.0,94,5832.0,85,5834.0,65,5826.0
TA501,,13:38:43.750#,5848.0,5860.0,5804.0,6200.0,5496.0,95385,327547,5816.0,204,5818.0,142,5820.0,85,5822.0,68,5824.0,101,5826.0,127,5828.0,94,5830.0,94,5832.0,85,5834.0,65,5826.0
TA501,,13:38:44.0#,5848.0,5860.0,5804.0,6200.0,5496.0,95385,327547,5816.0,204,5818.0,142,5820.0,85,5822.0,68,5824.0,101,5826.0,130,5828.0,94,5830.0,94,5832.0,85,5834.0,65,5826.0
TA501,,13:38:44.250#,5848.0,5860.0,5804.0,6200.0,5496.0,95387,327545,5816.0,204,5818.0,142,5820.0,85,5822.0,68,5824.0,99,5826.0,128,5828.0,94,5830.0,94,5832.0,85,5834.0,65,5826.0
TA501,,13:38:44.500#,5848.0,5860.0,5804.0,6200.0,5496.0,95387,327545,5816.0,204,5818.0,142,5820.0,85,5822.0,68,5824.0,96,5826.0,128,5828.0,94,5830.0,94,5832.0,85,5834.0,65,5826.0
TA501,,13:38:44.750#,5848.0,5860.0,5804.0,6200.0,5496.0,95387,327545,5816.0,204,5818.0,142,5820.0,85,5822.0,68,5824.0,99,5826.0,128,5828.0,94,5830.0,94,5832.0,85,5834.0,65,5826.0
TA501,,13:38:45.750#,5848.0,5860.0,5804.0,6200.0,5496.0,95388,327544,5816.0,204,5818.0,142,5820.0,85,5822.0,68,5824.0,98,5826.0,127,5828.0,94,5830.0,94,5832.0,85,5834.0,65,5826.0
TA501,,13:38:46.0#,5848.0,5860.0,5804.0,6200.0,5496.0,95388,327544,5816.0,204,5818.0,142,5820.0,85,5822.0,68,5824.0,95,5826.0,127,5828.0,94,5830.0,94,5832.0,85,5834.0,65,5826.0
TA501,,13:38:46.250#,5848.0,5860.0,5804.0,6200.0,5496.0,95388,327544,5816.0,204,5818.0,142,5820.0,85,5822.0,68,5824.0,98,5826.0,127,5828.0,94,5830.0,94,5832.0,85,5834.0,65,5826.0
TA501,,13:38:47.0#,5848.0,5860.0,5804.0,6200.0,5496.0,95388,327544,5816.0,204,5818.0,142,5820.0,85,5822.0,68,5824.0,94,5826.0,127,5828.0,94,5830.0,94,5832.0,85,5834.0,65,5826.0
TA501,,13:38:47.250#,5848.0,5860.0,5804.0,6200.0,5496.0,95388,327544,5816.0,204,5818.0,142,5820.0,85,5822.0,68,5824.0,92,5826.0,127,5828.0,94,5830.0,94,5832.0,85,5834.0,65,5826.0
TA501,,13:38:47.500#,5848.0,5860.0,5804.0,6200.0,5496.0,95469,327488,5816.0,204,5818.0,142,5820.0,85,5822.0,68,5824.0,71,5826.0,59,5828.0,94,5830.0,94,5832.0,85,5834.0,65,5826.0
TA501,,13:38:47.750#,5848.0,5860.0,5804.0,6200.0,5496.0,95469,327488,5816.0,204,5818.0,142,5820.0,85,5822.0,73,5824.0,83,5826.0,79,5828.0,94,5830.0,94,5832.0,85,5834.0,65,5826.0
TA501,,13:38:48.250#,5848.0,5860.0,5804.0,6200.0,5496.0,95489,327474,5816.0,204,5818.0,142,5820.0,85,5822.0,73,5824.0,123,5826.0,59,5828.0,94,5830.0,94,5832.0,85,5834.0,65,5826.0
TA501,,13:38:48.500#,5848.0,5860.0,5804.0,6200.0,5496.0,95495,327468,5816.0,204,5818.0,142,5820.0,85,5822.0,73,5824.0,117,5826.0,61,5828.0,94,5830.0,94,5832.0,85,5834.0,65,5824.0
TA501,,13:38:48.750#,5848.0,5860.0,5804.0,6200.0,5496.0,95506,327457,5816.0,204,5818.0,142,5820.0,85,5822.0,73,5824.0,106,5826.0,50,5828.0,94,5830.0,94,5832.0,85,5834.0,65,5826.0
TA501,,13:38:51.250#,5848.0,5860.0,5804.0,6200.0,5496.0,95507,327456,5816.0,204,5818.0,142,5820.0,85,5822.0,73,5824.0,105,5826.0,72,5828.0,99,5830.0,94,5832.0,85,5834.0,65,5826.0
TA501,,13:38:51.500#,5848.0,5860.0,5804.0,6200.0,5496.0,95508,327455,5816.0,204,5818.0,142,5820.0,85,5822.0,73,5824.0,97,5826.0,82,5828.0,99,5830.0,94,5832.0,85,5834.0,65,5826.0
TA501,,13:38:51.750#,5848.0,5860.0,5804.0,6200.0,5496.0,95512,327451,5816.0,204,5818.0,142,5820.0,85,5822.0,73,5824.0,96,5826.0,78,5828.0,99,5830.0,94,5832.0,85,5834.0,65,5826.0
TA501,,13:38:52.0#,5848.0,5860.0,5804.0,6200.0,5496.0,95513,327450,5816.0,204,5818.0,142,5820.0,85,5822.0,73,5824.0,95,5826.0,77,5828.0,99,5830.0,94,5832.0,85,5834.0,65,5826.0
TA501,,13:38:52.500#,5848.0,5860.0,5804.0,6200.0,5496.0,95513,327450,5816.0,204,5818.0,142,5820.0,85,5822.0,73,5824.0,95,5826.0,77,5828.0,99,5830.0,94,5832.0,85,5834.0,65,5826.0
TA501,,13:38:52.750#,5848.0,5860.0,5804.0,6200.0,5496.0,95513,327450,5816.0,204,5818.0,142,5820.0,85,5822.0,73,5824.0,95,5826.0,77,5828.0,100,5830.0,94,5832.0,85,5834.0,65,5826.0
TA501,,13:38:54.0#,5848.0,5860.0,5804.0,6200.0,5496.0,95513,327450,5816.0,204,5818.0,142,5820.0,85,5822.0,73,5824.0,94,5826.0,77,5828.0,100,5830.0,94,5832.0,85,5834.0,65,5826.0
TA501,,13:38:54.500#,5848.0,5860.0,5804.0,6200.0,5496.0,95513,327450,5816.0,204,5818.0,142,5820.0,85,5822.0,73,5824.0,98,5826.0,77,5828.0,100,5830.0,94,5832.0,86,5834.0,65,5826.0
TA501,,13:38:56.750#,5848.0,5860.0,5804.0,6200.0,5496.0,95513,327450,5816.0,204,5818.0,142,5820.0,85,5822.0,73,5824.0,94,5826.0,77,5828.0,100,5830.0,94,5832.0,86,5834.0,65,5826.0
TA501,,13:38:58.0#,5848.0,5860.0,5804.0,6200.0,5496.0,95514,327450,5816.0,204,5818.0,142,5820.0,85,5822.0,73,5824.0,94,5826.0,76,5828.0,100,5830.0,94,5832.0,86,5834.0,65,5826.0
TA501,,13:38:58.500#,5848.0,5860.0,5804.0,6200.0,5496.0,95515,327449,5816.0,204,5818.0,142,5820.0,85,5822.0,73,5824.0,93,5826.0,75,5828.0,100,5830.0,94,5832.0,86,5834.0,65,5826.0
TA501,,13:38:59.0#,5848.0,5860.0,5804.0,6200.0,5496.0,95521,327451,5816.0,204,5818.0,142,5820.0,85,5822.0,73,5824.0,87,5826.0,84,5828.0,100,5830.0,94,5832.0,86,5834.0,65,5824.0
TA501,,13:38:59.250#,5848.0,5860.0,5804.0,6200.0,5496.0,95521,327451,5816.0,204,5818.0,142,5820.0,85,5822.0,73,5824.0,92,5826.0,95,5828.0,100,5830.0,94,5832.0,86,5834.0,65,5824.0
TA501,,13:38:59.500#,5848.0,5860.0,5804.0,6200.0,5496.0,95521,327451,5816.0,204,5818.0,142,5820.0,85,5822.0,69,5824.0,92,5826.0,95,5828.0,100,5830.0,94,5832.0,86,5834.0,65,5824.0
TA501,,13:39:00.250#,5848.0,5860.0,5804.0,6200.0,5496.0,95541,327442,5816.0,204,5818.0,142,5820.0,85,5822.0,69,5824.0,72,5826.0,75,5828.0,100,5830.0,94,5832.0,86,5834.0,65,5826.0
TA501,,13:39:00.500#,5848.0,5860.0,5804.0,6200.0,5496.0,95541,327442,5816.0,204,5818.0,142,5820.0,85,5822.0,69,5824.0,81,5826.0,70,5828.0,100,5830.0,94,5832.0,86,5834.0,65,5826.0
TA501,,13:39:01.500#,5848.0,5860.0,5804.0,6200.0,5496.0,95680,327544,5816.0,204,5818.0,142,5820.0,85,5822.0,69,5824.0,92,5828.0,136,5830.0,94,5832.0,86,5834.0,65,5836.0,288,5826.0
TA501,,13:39:01.750#,5848.0,5860.0,5804.0,6200.0,5496.0,95682,327543,5816.0,204,5818.0,142,5820.0,85,5822.0,69,5824.0,101,5828.0,174,5830.0,94,5832.0,86,5834.0,65,5836.0,289,5826.0
TA501,,13:39:02.0#,5848.0,5860.0,5804.0,6200.0,5496.0,95683,327543,5818.0,142,5820.0,85,5822.0,69,5824.0,87,5826.0,2,5828.0,173,5830.0,94,5832.0,86,5834.0,65,5836.0,289,5828.0
TA501,,13:39:02.250#,5848.0,5860.0,5804.0,6200.0,5496.0,95683,327543,5818.0,142,5820.0,97,5822.0,71,5824.0,84,5826.0,25,5828.0,173,5830.0,94,5832.0,86,5834.0,65,5836.0,289,5828.0
TA501,,13:39:02.500#,5848.0,5860.0,5804.0,6200.0,5496.0,95683,327543,5818.0,142,5820.0,97,5822.0,65,5824.0,85,5826.0,25,5828.0,183,5830.0,94,5832.0,86,5834.0,65,5836.0,289,5828.0
TA501,,13:39:02.750#,5848.0,5860.0,5804.0,6200.0,5496.0,95687,327539,5818.0,142,5820.0,97,5822.0,65,5824.0,85,5826.0,26,5828.0,179,5830.0,94,5832.0,86,5834.0,65,5836.0,289,5828.0
TA501,,13:39:03.0#,5848.0,5860.0,5804.0,6200.0,5496.0,95687,327539,5818.0,142,5820.0,97,5822.0,65,5824.0,85,5826.0,32,5828.0,179,5830.0,94,5832.0,86,5834.0,65,5836.0,289,5828.0
TA501,,13:39:03.500#,5848.0,5860.0,5804.0,6200.0,5496.0,95687,327539,5818.0,142,5820.0,97,5822.0,65,5824.0,85,5826.0,33,5828.0,179,5830.0,94,5832.0,86,5834.0,65,5836.0,289,5828.0
TA501,,13:39:04.250#,5848.0,5860.0,5804.0,6200.0,5496.0,95687,327539,5818.0,142,5820.0,97,5822.0,65,5824.0,85,5826.0,33,5828.0,229,5830.0,94,5832.0,86,5834.0,65,5836.0,289,5828.0
TA501,,13:39:04.500#,5848.0,5860.0,5804.0,6200.0,5496.0,95687,327539,5818.0,142,5820.0,97,5822.0,65,5824.0,84,5826.0,33,5828.0,229,5830.0,94,5832.0,86,5834.0,65,5836.0,289,5828.0
TA501,,13:39:05.0#,5848.0,5860.0,5804.0,6200.0,5496.0,95687,327539,5818.0,142,5820.0,97,5822.0,65,5824.0,84,5826.0,33,5828.0,229,5830.0,94,5832.0,86,5834.0,65,5836.0,289,5828.0
TA501,,13:39:05.500#,5848.0,5860.0,5804.0,6200.0,5496.0,95687,327539,5818.0,142,5820.0,97,5822.0,65,5824.0,84,5826.0,33,5828.0,229,5830.0,94,5832.0,86,5834.0,65,5836.0,289,5828.0
TA501,,13:39:06.0#,5848.0,5860.0,5804.0,6200.0,5496.0,95687,327539,5818.0,142,5820.0,97,5822.0,65,5824.0,84,5826.0,33,5828.0,231,5830.0,94,5832.0,86,5834.0,65,5836.0,289,5828.0
TA501,,13:39:06.500#,5848.0,5860.0,5804.0,6200.0,5496.0,95687,327539,5818.0,142,5820.0,97,5822.0,65,5824.0,83,5826.0,14,5828.0,231,5830.0,94,5832.0,86,5834.0,65,5836.0,289,5828.0
TA501,,13:39:07.250#,5848.0,5860.0,5804.0,6200.0,5496.0,95687,327539,5818.0,142,5820.0,97,5822.0,65,5824.0,83,5826.0,14,5828.0,231,5830.0,94,5832.0,86,5834.0,65,5836.0,289,5828.0
TA501,,13:39:07.500#,5848.0,5860.0,5804.0,6200.0,5496.0,95687,327539,5818.0,142,5820.0,97,5822.0,65,5824.0,83,5826.0,14,5828.0,231,5830.0,94,5832.0,86,5834.0,65,5836.0,290,5828.0
TA501,,13:39:10.250#,5848.0,5860.0,5804.0,6200.0,5496.0,95697,327532,5818.0,142,5820.0,97,5822.0,65,5824.0,83,5826.0,5,5828.0,232,5830.0,94,5832.0,86,5834.0,65,5836.0,290,5826.0
TA501,,13:39:10.500#,5848.0,5860.0,5804.0,6200.0,5496.0,95702,327531,5816.0,202,5818.0,142,5820.0,97,5822.0,65,5824.0,104,5828.0,232,5830.0,94,5832.0,86,5834.0,65,5836.0,290,5826.0
TA501,,13:39:10.750#,5848.0,5860.0,5804.0,6200.0,5496.0,95702,327531,5816.0,203,5818.0,142,5820.0,97,5822.0,65,5824.0,104,5826.0,2,5828.0,198,5830.0,94,5832.0,86,5834.0,65,5826.0
TA501,,13:39:11.0#,5848.0,5860.0,5804.0,6200.0,5496.0,95702,327531,5816.0,203,5818.0,142,5820.0,85,5822.0,65,5824.0,104,5826.0,28,5828.0,198,5830.0,96,5832.0,86,5834.0,65,5826.0
TA501,,13:39:11.250#,5848.0,5860.0,5804.0,6200.0,5496.0,95702,327531,5816.0,203,5818.0,142,5820.0,85,5822.0,65,5824.0,102,5826.0,29,5828.0,198,5830.0,96,5832.0,86,5834.0,65,5826.0
TA501,,13:39:11.500#,5848.0,5860.0,5804.0,6200.0,5496.0,95702,327531,5816.0,203,5818.0,142,5820.0,85,5822.0,65,5824.0,102,5826.0,30,5828.0,198,5830.0,96,5832.0,86,5834.0,65,5826.0
TA501,,13:39:11.750#,5848.0,5860.0,5804.0,6200.0,5496.0,95702,327531,5816.0,203,5818.0,142,5820.0,85,5822.0,65,5824.0,102,5826.0,32,5828.0,198,5830.0,96,5832.0,86,5834.0,65,5826.0
TA501,,13:39:12.500#,5848.0,5860.0,5804.0,6200.0,5496.0,95718,327529,5816.0,203,5818.0,142,5820.0,85,5822.0,65,5824.0,136,5826.0,10,5828.0,198,5830.0,96,5832.0,86,5834.0,65,5826.0
TA501,,13:39:12.750#,5848.0,5860.0,5804.0,6200.0,5496.0,95718,327529,5816.0,203,5818.0,142,5820.0,85,5822.0,65,5824.0,136,5826.0,8,5828.0,198,5830.0,96,5832.0,86,5834.0,65,5826.0
TA501,,13:39:13.0#,5848.0,5860.0,5804.0,6200.0,5496.0,95718,327529,5816.0,203,5818.0,142,5820.0,85,5822.0,65,5824.0,136,5826.0,8,5828.0,199,5830.0,96,5832.0,86,5834.0,65,5826.0
TA501,,13:39:13.500#,5848.0,5860.0,5804.0,6200.0,5496.0,95719,327529,5816.0,203,5818.0,142,5820.0,85,5822.0,65,5824.0,135,5826.0,7,5828.0,199,5830.0,96,5832.0,86,5834.0,65,5826.0
TA501,,13:39:14.750#,5848.0,5860.0,5804.0,6200.0,5496.0,95724,327524,5816.0,203,5818.0,142,5820.0,85,5822.0,65,5824.0,130,5826.0,7,5828.0,199,5830.0,96,5832.0,86,5834.0,65,5824.0
TA501,,13:39:16.0#,5848.0,5860.0,5804.0,6200.0,5496.0,95725,327524,5816.0,203,5818.0,142,5820.0,85,5822.0,65,5824.0,129,5826.0,6,5828.0,199,5830.0,96,5832.0,86,5834.0,65,5826.0
TA501,,13:39:16.250#,5848.0,5860.0,5804.0,6200.0,5496.0,95725,327524,5816.0,203,5818.0,142,5820.0,85,5822.0,65,5824.0,129,5826.0,9,5828.0,199,5830.0,96,5832.0,86,5834.0,65,5826.0
TA501,,13:39:16.500#,5848.0,5860.0,5804.0,6200.0,5496.0,95734,327522,5816.0,203,5818.0,142,5820.0,85,5822.0,65,5824.0,120,5828.0,233,5830.0,96,5832.0,86,5834.0,65,5836.0,289,5826.0
TA501,,13:39:16.750#,5848.0,5860.0,5804.0,6200.0,5496.0,95734,327522,5816.0,203,5818.0,142,5820.0,85,5822.0,65,5824.0,120,5828.0,234,5830.0,96,5832.0,86,5834.0,65,5836.0,290,5826.0
TA501,,13:39:22.250#,5848.0,5860.0,5804.0,6200.0,5496.0,95734,327522,5816.0,203,5818.0,142,5820.0,85,5822.0,65,5824.0,120,5826.0,23,5828.0,200,5830.0,96,5832.0,86,5834.0,65,5826.0
TA501,,13:39:23.0#,5848.0,5860.0,5804.0,6200.0,5496.0,95734,327522,5816.0,203,5818.0,142,5820.0,85,5822.0,65,5824.0,120,5828.0,234,5830.0,96,5832.0,86,5834.0,65,5836.0,290,5826.0
TA501,,13:39:23.750#,5848.0,5860.0,5804.0,6200.0,5496.0,95734,327522,5816.0,203,5818.0,142,5820.0,85,5822.0,65,5824.0,121,5828.0,234,5830.0,96,5832.0,86,5834.0,65,5836.0,290,5826.0
TA501,,13:39:24.250#,5848.0,5860.0,5804.0,6200.0,5496.0,95735,327523,5816.0,203,5818.0,142,5820.0,85,5822.0,65,5824.0,121,5828.0,233,5830.0,96,5832.0,86,5834.0,65,5836.0,290,5828.0
TA501,,13:39:24.500#,5848.0,5860.0,5804.0,6200.0,5496.0,95735,327523,5816.0,203,5818.0,142,5820.0,85,5822.0,65,5824.0,124,5826.0,5,5828.0,200,5830.0,96,5832.0,86,5834.0,65,5828.0
TA501,,13:39:24.750#,5848.0,5860.0,5804.0,6200.0,5496.0,95735,327523,5816.0,203,5818.0,142,5820.0,85,5822.0,65,5824.0,124,5828.0,233,5830.0,96,5832.0,86,5834.0,65,5836.0,290,5828.0
TA501,,13:39:25.0#,5848.0,5860.0,5804.0,6200.0,5496.0,95735,327523,5816.0,203,5818.0,142,5820.0,85,5822.0,65,5824.0,124,5826.0,5,5828.0,200,5830.0,96,5832.0,86,5834.0,65,5828.0
TA501,,13:39:25.250#,5848.0,5860.0,5804.0,6200.0,5496.0,95735,327523,5816.0,203,5818.0,142,5820.0,85,5822.0,65,5824.0,121,5828.0,234,5830.0,96,5832.0,86,5834.0,65,5836.0,290,5828.0
TA501,,13:39:25.500#,5848.0,5860.0,5804.0,6200.0,5496.0,95735,327523,5816.0,203,5818.0,142,5820.0,85,5822.0,65,5824.0,121,5826.0,5,5828.0,201,5830.0,96,5832.0,86,5834.0,65,5828.0
TA501,,13:39:25.750#,5848.0,5860.0,5804.0,6200.0,5496.0,95735,327523,5816.0,203,5818.0,142,5820.0,85,5822.0,65,5824.0,121,5828.0,234,5830.0,106,5832.0,86,5834.0,65,5836.0,290,5828.0
TA501,,13:39:26.0#,5848.0,5860.0,5804.0,6200.0,5496.0,95735,327523,5816.0,203,5818.0,142,5820.0,85,5822.0,65,5824.0,121,5826.0,5,5828.0,201,5830.0,106,5832.0,86,5834.0,65,5828.0
TA501,,13:39:26.250#,5848.0,5860.0,5804.0,6200.0,5496.0,95735,327523,5816.0,203,5818.0,142,5820.0,85,5822.0,65,5824.0,121,5828.0,234,5830.0,106,5832.0,86,5834.0,65,5836.0,290,5828.0
TA501,,13:39:26.500#,5848.0,5860.0,5804.0,6200.0,5496.0,95735,327523,5816.0,203,5818.0,142,5820.0,85,5822.0,65,5824.0,121,5826.0,5,5828.0,201,5830.0,106,5832.0,86,5834.0,65,5828.0
TA501,,13:39:26.750#,5848.0,5860.0,5804.0,6200.0,5496.0,95735,327523,5816.0,203,5818.0,142,5820.0,85,5822.0,65,5824.0,121,5828.0,234,5830.0,106,5832.0,86,5834.0,65,5836.0,290,5828.0
TA501,,13:39:27.0#,5848.0,5860.0,5804.0,6200.0,5496.0,95735,327523,5816.0,203,5818.0,142,5820.0,85,5822.0,65,5824.0,121,5826.0,5,5828.0,201,5830.0,106,5832.0,86,5834.0,65,5828.0
TA501,,13:39:27.250#,5848.0,5860.0,5804.0,6200.0,5496.0,95735,327523,5816.0,203,5818.0,142,5820.0,85,5822.0,65,5824.0,121,5828.0,234,5830.0,106,5832.0,86,5834.0,65,5836.0,289,5828.0
TA501,,13:39:27.500#,5848.0,5860.0,5804.0,6200.0,5496.0,95748,327518,5816.0,203,5818.0,142,5820.0,85,5822.0,65,5824.0,108,5826.0,5,5828.0,201,5830.0,106,5832.0,86,5834.0,65,5824.0
TA501,,13:39:27.750#,5848.0,5860.0,5804.0,6200.0,5496.0,95753,327518,5816.0,203,5818.0,142,5820.0,85,5822.0,65,5824.0,109,5828.0,234,5830.0,106,5832.0,86,5834.0,65,5836.0,289,5826.0
TA501,,13:39:28.0#,5848.0,5860.0,5804.0,6200.0,5496.0,95753,327518,5818.0,142,5820.0,85,5822.0,65,5824.0,85,5826.0,20,5828.0,234,5830.0,106,5832.0,86,5834.0,65,5836.0,289,5826.0
TA501,,13:39:28.250#,5848.0,5860.0,5804.0,6200.0,5496.0,95753,327518,5818.0,142,5820.0,97,5822.0,65,5824.0,106,5826.0,25,5828.0,234,5830.0,106,5832.0,86,5834.0,65,5836.0,289,5826.0
TA501,,13:39:28.500#,5848.0,5860.0,5804.0,6200.0,5496.0,95753,327518,5818.0,142,5820.0,97,5822.0,65,5824.0,106,5826.0,42,5828.0,205,5830.0,106,5832.0,86,5834.0,65,5836.0,289,5826.0
TA501,,13:39:28.750#,5848.0,5860.0,5804.0,6200.0,5496.0,95753,327518,5818.0,141,5820.0,97,5822.0,65,5824.0,103,5826.0,47,5828.0,188,5830.0,105,5832.0,86,5834.0,65,5836.0,289,5826.0
TA501,,13:39:29.0#,5848.0,5860.0,5804.0,6200.0,5496.0,95753,327518,5818.0,141,5820.0,97,5822.0,66,5824.0,103,5826.0,61,5828.0,188,5830.0,105,5832.0,86,5834.0,66,5836.0,289,5826.0
TA501,,13:39:29.250#,5848.0,5860.0,5804.0,6200.0,5496.0,95753,327518,5818.0,141,5820.0,97,5822.0,66,5824.0,103,5826.0,58,5828.0,188,5830.0,105,5832.0,86,5834.0,66,5836.0,289,5826.0
TA501,,13:39:29.500#,5848.0,5860.0,5804.0,6200.0,5496.0,95754,327517,5818.0,141,5820.0,97,5822.0,66,5824.0,103,5826.0,58,5828.0,187,5830.0,105,5832.0,86,5834.0,66,5836.0,289,5828.0
TA501,,13:39:29.750#,5848.0,5860.0,5804.0,6200.0,5496.0,95754,327517,5818.0,141,5820.0,97,5822.0,66,5824.0,103,5826.0,89,5828.0,167,5830.0,105,5832.0,86,5834.0,66,5836.0,289,5828.0
TA501,,13:39:30.0#,5848.0,5860.0,5804.0,6200.0,5496.0,95754,327517,5818.0,141,5820.0,97,5822.0,66,5824.0,103,5826.0,95,5828.0,139,5830.0,105,5832.0,86,5834.0,66,5836.0,289,5828.0
TA501,,13:39:30.250#,5848.0,5860.0,5804.0,6200.0,5496.0,95754,327517,5818.0,141,5820.0,97,5822.0,64,5824.0,105,5826.0,96,5828.0,129,5830.0,105,5832.0,86,5834.0,66,5836.0,289,5828.0
TA501,,13:39:32.0#,5848.0,5860.0,5804.0,6200.0,5496.0,95754,327517,5818.0,141,5820.0,97,5822.0,64,5824.0,105,5826.0,129,5828.0,129,5830.0,105,5832.0,86,5834.0,66,5836.0,289,5828.0
TA501,,13:39:32.750#,5848.0,5860.0,5804.0,6200.0,5496.0,95754,327517,5818.0,141,5820.0,97,5822.0,64,5824.0,105,5826.0,118,5828.0,129,5830.0,105,5832.0,86,5834.0,66,5836.0,289,5828.0
TA501,,13:39:33.250#,5848.0,5860.0,5804.0,6200.0,5496.0,95754,327517,5818.0,141,5820.0,97,5822.0,64,5824.0,105,5826.0,118,5828.0,130,5830.0,105,5832.0,86,5834.0,66,5836.0,289,5828.0
TA501,,13:39:34.250#,5848.0,5860.0,5804.0,6200.0,5496.0,95754,327517,5818.0,141,5820.0,97,5822.0,64,5824.0,105,5826.0,118,5828.0,156,5830.0,105,5832.0,86,5834.0,66,5836.0,289,5828.0
TA501,,13:39:34.500#,5848.0,5860.0,5804.0,6200.0,5496.0,95754,327517,5818.0,141,5820.0,97,5822.0,64,5824.0,105,5826.0,121,5828.0,156,5830.0,105,5832.0,86,5834.0,66,5836.0,289,5828.0
TA501,,13:39:36.250#,5848.0,5860.0,5804.0,6200.0,5496.0,95754,327517,5818.0,141,5820.0,97,5822.0,64,5824.0,105,5826.0,121,5828.0,106,5830.0,105,5832.0,86,5834.0,66,5836.0,289,5828.0
TA501,,13:39:38.0#,5848.0,5860.0,5804.0,6200.0,5496.0,95754,327517,5818.0,141,5820.0,97,5822.0,64,5824.0,105,5826.0,121,5828.0,106,5830.0,105,5832.0,85,5834.0,66,5836.0,289,5828.0
TA501,,13:39:39.0#,5848.0,5860.0,5804.0,6200.0,5496.0,95755,327517,5818.0,141,5820.0,97,5822.0,64,5824.0,105,5826.0,121,5828.0,105,5830.0,105,5832.0,85,5834.0,66,5836.0,289,5828.0
TA501,,13:39:39.250#,5848.0,5860.0,5804.0,6200.0,5496.0,95755,327517,5818.0,141,5820.0,97,5822.0,64,5824.0,105,5826.0,121,5828.0,105,5830.0,105,5832.0,85,5834.0,67,5836.0,289,5828.0
TA501,,13:39:39.500#,5848.0,5860.0,5804.0,6200.0,5496.0,95889,327524,5820.0,97,5822.0,64,5824.0,105,5826.0,84,5828.0,12,5830.0,106,5832.0,85,5834.0,67,5836.0,289,5838.0,113,5828.0
TA501,,13:39:39.750#,5848.0,5860.0,5804.0,6200.0,5496.0,95889,327524,5820.0,105,5822.0,67,5824.0,109,5826.0,98,5828.0,41,5830.0,107,5832.0,85,5834.0,83,5836.0,280,5838.0,114,5828.0
TA501,,13:39:40.0#,5848.0,5860.0,5804.0,6200.0,5496.0,95889,327524,5820.0,105,5822.0,67,5824.0,104,5826.0,98,5828.0,31,5830.0,146,5832.0,85,5834.0,70,5836.0,281,5838.0,89,5828.0
TA501,,13:39:40.250#,5848.0,5860.0,5804.0,6200.0,5496.0,95890,327525,5820.0,105,5822.0,67,5824.0,104,5826.0,125,5828.0,26,5830.0,165,5832.0,85,5834.0,70,5836.0,281,5838.0,89,5828.0
TA501,,13:39:40.500#,5848.0,5860.0,5804.0,6200.0,5496.0,95890,327525,5820.0,105,5822.0,67,5824.0,104,5826.0,125,5828.0,31,5830.0,165,5832.0,85,5834.0,70,5836.0,281,5838.0,89,5828.0
TA501,,13:39:40.750#,5848.0,5860.0,5804.0,6200.0,5496.0,95894,327528,5820.0,105,5822.0,67,5824.0,104,5826.0,125,5828.0,29,5830.0,161,5832.0,85,5834.0,70,5836.0,281,5838.0,89,5828.0
TA501,,13:39:41.250#,5848.0,5860.0,5804.0,6200.0,5496.0,95894,327528,5820.0,105,5822.0,67,5824.0,104,5826.0,126,5828.0,59,5830.0,161,5832.0,85,5834.0,70,5836.0,281,5838.0,89,5828.0
TA501,,13:39:41.500#,5848.0,5860.0,5804.0,6200.0,5496.0,95906,327540,5820.0,105,5822.0,67,5824.0,104,5826.0,126,5828.0,60,5830.0,224,5832.0,85,5834.0,70,5836.0,281,5838.0,89,5828.0
TA501,,13:39:41.750#,5848.0,5860.0,5804.0,6200.0,5496.0,95906,327540,5820.0,105,5822.0,67,5824.0,104,5826.0,123,5828.0,60,5830.0,222,5832.0,85,5834.0,70,5836.0,281,5838.0,89,5828.0
TA501,,13:39:42.0#,5848.0,5860.0,5804.0,6200.0,5496.0,95906,327540,5820.0,105,5822.0,67,5824.0,104,5826.0,93,5828.0,60,5830.0,212,5832.0,85,5834.0,70,5836.0,281,5838.0,89,5828.0
TA501,,13:39:43.250#,5848.0,5860.0,5804.0,6200.0,5496.0,95966,327576,5818.0,140,5820.0,105,5822.0,67,5824.0,104,5826.0,98,5830.0,212,5832.0,85,5834.0,70,5836.0,281,5838.0,89,5828.0
TA501,,13:39:43.500#,5848.0,5860.0,5804.0,6200.0,5496.0,95966,327576,5818.0,141,5820.0,105,5822.0,67,5824.0,104,5826.0,97,5830.0,212,5832.0,85,5834.0,70,5836.0,281,5838.0,89,5828.0
TA501,,13:39:44.0#,5848.0,5860.0,5804.0,6200.0,5496.0,95987,327576,5820.0,105,5822.0,67,5824.0,104,5826.0,92,5828.0,20,5830.0,191,5832.0,85,5834.0,70,5836.0,281,5838.0,89,5828.0
TA501,,13:39:44.250#,5848.0,5860.0,5804.0,6200.0,5496.0,95987,327576,5820.0,105,5822.0,67,5824.0,104,5826.0,92,5828.0,27,5830.0,191,5832.0,85,5834.0,70,5836.0,281,5838.0,89,5828.0
TA501,,13:39:44.500#,5848.0,5860.0,5804.0,6200.0,5496.0,95987,327576,5820.0,105,5822.0,67,5824.0,104,5826.0,92,5828.0,31,5830.0,191,5832.0,85,5834.0,70,5836.0,281,5838.0,77,5828.0
TA501,,13:39:44.750#,5848.0,5860.0,5804.0,6200.0,5496.0,95987,327576,5820.0,105,5822.0,67,5824.0,104,5826.0,92,5828.0,31,5830.0,186,5832.0,85,5834.0,70,5836.0,281,5838.0,73,5828.0
TA501,,13:39:45.0#,5848.0,5860.0,5804.0,6200.0,5496.0,95987,327576,5820.0,105,5822.0,67,5824.0,104,5826.0,92,5828.0,31,5830.0,186,5832.0,85,5834.0,70,5836.0,281,5838.0,73,5828.0
TA501,,13:39:45.250#,5848.0,5860.0,5804.0,6200.0,5496.0,95987,327576,5820.0,105,5822.0,67,5824.0,104,5826.0,92,5828.0,31,5830.0,186,5832.0,85,5834.0,70,5836.0,281,5838.0,73,5828.0
TA501,,13:39:47.0#,5848.0,5860.0,5804.0,6200.0,5496.0,95987,327576,5820.0,105,5822.0,67,5824.0,104,5826.0,92,5828.0,61,5830.0,186,5832.0,85,5834.0,70,5836.0,281,5838.0,73,5828.0
TA501,,13:39:47.250#,5848.0,5860.0,5804.0,6200.0,5496.0,95987,327576,5820.0,105,5822.0,67,5824.0,104,5826.0,92,5828.0,62,5830.0,186,5832.0,85,5834.0,70,5836.0,281,5838.0,73,5828.0
TA501,,13:39:47.500#,5848.0,5860.0,5804.0,6200.0,5496.0,95987,327576,5820.0,105,5822.0,67,5824.0,104,5826.0,92,5828.0,64,5830.0,186,5832.0,85,5834.0,70,5836.0,281,5838.0,73,5828.0
TA501,,13:39:47.750#,5848.0,5860.0,5804.0,6200.0,5496.0,95987,327576,5820.0,105,5822.0,67,5824.0,104,5826.0,92,5828.0,64,5830.0,187,5832.0,85,5834.0,70,5836.0,281,5838.0,73,5828.0
TA501,,13:39:48.500#,5848.0,5860.0,5804.0,6200.0,5496.0,95988,327576,5820.0,105,5822.0,67,5824.0,104,5826.0,92,5828.0,64,5830.0,186,5832.0,85,5834.0,70,5836.0,281,5838.0,73,5830.0
TA501,,13:39:48.750#,5848.0,5860.0,5804.0,6200.0,5496.0,95991,327576,5820.0,105,5822.0,67,5824.0,104,5826.0,92,5828.0,67,5830.0,173,5832.0,85,5834.0,70,5836.0,281,5838.0,73,5830.0
TA501,,13:39:49.0#,5848.0,5860.0,5804.0,6200.0,5496.0,95991,327576,5820.0,105,5822.0,67,5824.0,104,5826.0,92,5828.0,73,5830.0,173,5832.0,85,5834.0,70,5836.0,281,5838.0,73,5830.0
TA501,,13:39:49.750#,5848.0,5860.0,5804.0,6200.0,5496.0,95991,327576,5820.0,105,5822.0,67,5824.0,104,5826.0,92,5828.0,73,5830.0,173,5832.0,85,5834.0,69,5836.0,281,5838.0,73,5830.0
TA501,,13:39:51.500#,5848.0,5860.0,5804.0,6200.0,5496.0,95991,327576,5820.0,105,5822.0,67,5824.0,104,5826.0,92,5828.0,73,5830.0,171,5832.0,85,5834.0,69,5836.0,281,5838.0,73,5830.0
TA501,,13:39:52.750#,5848.0,5860.0,5804.0,6200.0,5496.0,95996,327576,5820.0,105,5822.0,67,5824.0,104,5826.0,92,5828.0,68,5830.0,171,5832.0,85,5834.0,69,5836.0,281,5838.0,73,5828.0
TA501,,13:39:53.0#,5848.0,5860.0,5804.0,6200.0,5496.0,95996,327576,5820.0,105,5822.0,67,5824.0,104,5826.0,92,5828.0,64,5830.0,171,5832.0,85,5834.0,69,5836.0,281,5838.0,73,5828.0
TA501,,13:39:53.500#,5848.0,5860.0,5804.0,6200.0,5496.0,96004,327568,5820.0,105,5822.0,67,5824.0,104,5826.0,92,5828.0,56,5830.0,171,5832.0,85,5834.0,69,5836.0,281,5838.0,73,5828.0
TA501,,13:39:54.750#,5848.0,5860.0,5804.0,6200.0,5496.0,96006,327568,5820.0,105,5822.0,67,5824.0,104,5826.0,92,5828.0,54,5830.0,169,5832.0,85,5834.0,69,5836.0,281,5838.0,73,5828.0
TA501,,13:39:55.250#,5848.0,5860.0,5804.0,6200.0,5496.0,96016,327560,5820.0,105,5822.0,67,5824.0,104,5826.0,92,5828.0,64,5830.0,169,5832.0,85,5834.0,69,5836.0,281,5838.0,73,5828.0
TA501,,13:39:55.500#,5848.0,5860.0,5804.0,6200.0,5496.0,96016,327560,5820.0,105,5822.0,67,5824.0,104,5826.0,92,5828.0,65,5830.0,169,5832.0,85,5834.0,69,5836.0,281,5838.0,73,5828.0
TA501,,13:39:55.750#,5848.0,5860.0,5804.0,6200.0,5496.0,96027,327565,5820.0,105,5822.0,67,5824.0,104,5826.0,92,5828.0,65,5830.0,158,5832.0,85,5834.0,69,5836.0,281,5838.0,73,5830.0
TA501,,13:39:56.0#,5848.0,5860.0,5804.0,6200.0,5496.0,96029,327566,5820.0,105,5822.0,67,5824.0,104,5826.0,92,5828.0,67,5830.0,158,5832.0,85,5834.0,69,5836.0,281,5838.0,73,5828.0
TA501,,13:39:56.250#,5848.0,5860.0,5804.0,6200.0,5496.0,96029,327566,5820.0,105,5822.0,67,5824.0,104,5826.0,92,5828.0,63,5830.0,158,5832.0,85,5834.0,69,5836.0,281,5838.0,73,5828.0
TA501,,13:39:57.250#,5848.0,5860.0,5804.0,6200.0,5496.0,96030,327566,5820.0,105,5822.0,67,5824.0,104,5826.0,92,5828.0,63,5830.0,157,5832.0,85,5834.0,69,5836.0,281,5838.0,73,5830.0
TA501,,13:39:57.750#,5848.0,5860.0,5804.0,6200.0,5496.0,96035,327561,5820.0,105,5822.0,67,5824.0,104,5826.0,92,5828.0,63,5830.0,152,5832.0,85,5834.0,69,5836.0,281,5838.0,73,5830.0
TA501,,13:39:58.0#,5848.0,5860.0,5804.0,6200.0,5496.0,96035,327561,5820.0,105,5822.0,67,5824.0,104,5826.0,92,5828.0,67,5830.0,172,5832.0,85,5834.0,69,5836.0,281,5838.0,73,5830.0
TA501,,13:39:58.500#,5848.0,5860.0,5804.0,6200.0,5496.0,96037,327561,5820.0,105,5822.0,67,5824.0,104,5826.0,92,5828.0,65,5830.0,172,5832.0,85,5834.0,69,5836.0,281,5838.0,73,5828.0
TA501,,13:39:58.750#,5848.0,5860.0,5804.0,6200.0,5496.0,96037,327561,5820.0,105,5822.0,67,5824.0,104,5826.0,92,5828.0,72,5830.0,172,5832.0,85,5834.0,69,5836.0,281,5838.0,73,5828.0
TA501,,13:39:59.0#,5848.0,5860.0,5804.0,6200.0,5496.0,96037,327561,5820.0,105,5822.0,67,5824.0,104,5826.0,92,5828.0,73,5830.0,172,5832.0,85,5834.0,69,5836.0,281,5838.0,73,5828.0
TA501,,13:39:59.500#,5848.0,5860.0,5804.0,6200.0,5496.0,96077,327574,5820.0,105,5822.0,67,5824.0,104,5826.0,92,5828.0,73,5830.0,132,5832.0,85,5834.0,69,5836.0,281,5838.0,73,5830.0
TA501,,13:40:00.0#,5848.0,5860.0,5804.0,6200.0,5496.0,96077,327574,5820.0,106,5822.0,67,5824.0,104,5826.0,92,5828.0,73,5830.0,132,5832.0,85,5834.0,69,5836.0,281,5838.0,73,5830.0
TA501,,13:40:00.250#,5848.0,5860.0,5804.0,6200.0,5496.0,96077,327574,5820.0,106,5822.0,67,5824.0,104,5826.0,92,5828.0,69,5830.0,132,5832.0,85,5834.0,69,5836.0,281,5838.0,73,5830.0
TA501,,13:40:00.500#,5848.0,5860.0,5804.0,6200.0,5496.0,96150,327618,5818.0,140,5820.0,106,5822.0,67,5824.0,104,5826.0,108,5830.0,111,5832.0,85,5834.0,69,5836.0,281,5838.0,73,5828.0
TA501,,13:40:00.750#,5848.0,5860.0,5804.0,6200.0,5496.0,96150,327618,5820.0,106,5822.0,67,5824.0,104,5826.0,115,5828.0,32,5830.0,137,5832.0,85,5834.0,69,5836.0,281,5838.0,73,5828.0
TA501,,13:40:01.0#,5848.0,5860.0,5804.0,6200.0,5496.0,96182,327618,5820.0,106,5822.0,67,5824.0,104,5826.0,115,5828.0,23,5830.0,137,5832.0,85,5834.0,69,5836.0,281,5838.0,73,5828.0
TA501,,13:40:01.250#,5848.0,5860.0,5804.0,6200.0,5496.0,96182,327618,5820.0,106,5822.0,67,5824.0,104,5826.0,115,5828.0,26,5830.0,137,5832.0,85,5834.0,69,5836.0,281,5838.0,73,5828.0
TA501,,13:40:01.500#,5848.0,5860.0,5804.0,6200.0,5496.0,96182,327618,5820.0,106,5822.0,67,5824.0,104,5826.0,115,5828.0,28,5830.0,137,5832.0,85,5834.0,69,5836.0,281,5838.0,73,5828.0
TA501,,13:40:01.750#,5848.0,5860.0,5804.0,6200.0,5496.0,96182,327618,5820.0,106,5822.0,67,5824.0,104,5826.0,115,5828.0,28,5830.0,117,5832.0,85,5834.0,69,5836.0,281,5838.0,73,5828.0
TA501,,13:40:02.0#,5848.0,5860.0,5804.0,6200.0,5496.0,96187,327618,5820.0,106,5822.0,67,5824.0,104,5826.0,115,5828.0,28,5830.0,112,5832.0,85,5834.0,69,5836.0,281,5838.0,73,5828.0
TA501,,13:40:02.750#,5848.0,5860.0,5804.0,6200.0,5496.0,96187,327618,5820.0,106,5822.0,67,5824.0,104,5826.0,115,5828.0,33,5830.0,89,5832.0,85,5834.0,69,5836.0,281,5838.0,73,5828.0
TA501,,13:40:03.0#,5848.0,5860.0,5804.0,6200.0,5496.0,96187,327618,5820.0,106,5822.0,67,5824.0,104,5826.0,115,5828.0,50,5830.0,89,5832.0,85,5834.0,69,5836.0,281,5838.0,73,5828.0
TA501,,13:40:03.250#,5848.0,5860.0,5804.0,6200.0,5496.0,96187,327618,5820.0,106,5822.0,67,5824.0,100,5826.0,115,5828.0,56,5830.0,53,5832.0,85,5834.0,69,5836.0,281,5838.0,73,5828.0
TA501,,13:40:03.500#,5848.0,5860.0,5804.0,6200.0,5496.0,96187,327618,5820.0,106,5822.0,66,5824.0,98,5826.0,117,5828.0,80,5830.0,59,5832.0,85,5834.0,69,5836.0,281,5838.0,73,5828.0
TA501,,13:40:03.750#,5848.0,5860.0,5804.0,6200.0,5496.0,96192,327618,5820.0,106,5822.0,66,5824.0,98,5826.0,118,5828.0,81,5830.0,59,5832.0,85,5834.0,69,5836.0,281,5838.0,73,5828.0
TA501,,13:40:04.0#,5848.0,5860.0,5804.0,6200.0,5496.0,96192,327618,5820.0,106,5822.0,66,5824.0,98,5826.0,118,5828.0,58,5830.0,44,5832.0,85,5834.0,69,5836.0,281,5838.0,73,5828.0
TA501,,13:40:04.250#,5848.0,5860.0,5804.0,6200.0,5496.0,96192,327618,5820.0,106,5822.0,66,5824.0,98,5826.0,118,5828.0,61,5830.0,119,5832.0,85,5834.0,69,5836.0,281,5838.0,73,5828.0
TA501,,13:40:04.500#,5848.0,5860.0,5804.0,6200.0,5496.0,96192,327618,5820.0,106,5822.0,66,5824.0,98,5826.0,118,5828.0,95,5830.0,139,5832.0,80,5834.0,69,5836.0,281,5838.0,73,5828.0
TA501,,13:40:04.750#,5848.0,5860.0,5804.0,6200.0,5496.0,96193,327618,5820.0,106,5822.0,66,5824.0,98,5826.0,118,5828.0,95,5830.0,139,5832.0,80,5834.0,69,5836.0,281,5838.0,73,5828.0
TA501,,13:40:05.250#,5848.0,5860.0,5804.0,6200.0,5496.0,96193,327618,5820.0,106,5822.0,66,5824.0,98,5826.0,118,5828.0,61,5830.0,139,5832.0,80,5834.0,69,5836.0,281,5838.0,73,5828.0
TA501,,13:40:05.750#,5848.0,5860.0,5804.0,6200.0,5496.0,96193,327618,5820.0,106,5822.0,66,5824.0,98,5826.0,118,5828.0,61,5830.0,139,5832.0,85,5834.0,69,5836.0,281,5838.0,73,5828.0
TA501,,13:40:08.0#,5848.0,5860.0,5804.0,6200.0,5496.0,96193,327618,5820.0,106,5822.0,66,5824.0,98,5826.0,118,5828.0,61,5830.0,139,5832.0,85,5834.0,69,5836.0,281,5838.0,73,5828.0
TA501,,13:40:10.250#,5848.0,5860.0,5804.0,6200.0,5496.0,96193,327618,5820.0,106,5822.0,66,5824.0,98,5826.0,118,5828.0,66,5830.0,139,5832.0,86,5834.0,69,5836.0,281,5838.0,73,5828.0
TA501,,13:40:10.500#,5848.0,5860.0,5804.0,6200.0,5496.0,96193,327618,5820.0,106,5822.0,71,5824.0,98,5826.0,118,5828.0,65,5830.0,139,5832.0,86,5834.0,69,5836.0,281,5838.0,73,5828.0
TA501,,13:40:10.750#,5848.0,5860.0,5804.0,6200.0,5496.0,96193,327618,5820.0,106,5822.0,71,5824.0,98,5826.0,118,5828.0,63,5830.0,139,5832.0,86,5834.0,69,5836.0,281,5838.0,73,5828.0
TA501,,13:40:11.0#,5848.0,5860.0,5804.0,6200.0,5496.0,96193,327618,5820.0,106,5822.0,71,5824.0,98,5826.0,118,5828.0,62,5830.0,140,5832.0,86,5834.0,69,5836.0,281,5838.0,73,5828.0
TA501,,13:40:11.250#,5848.0,5860.0,5804.0,6200.0,5496.0,96193,327618,5820.0,106,5822.0,71,5824.0,98,5826.0,118,5828.0,62,5830.0,145,5832.0,86,5834.0,69,5836.0,281,5838.0,73,5828.0
TA501,,13:40:11.500#,5848.0,5860.0,5804.0,6200.0,5496.0,96193,327618,5820.0,106,5822.0,70,5824.0,98,5826.0,118,5828.0,62,5830.0,145,5832.0,86,5834.0,69,5836.0,281,5838.0,73,5828.0
TA501,,13:40:13.0#,5848.0,5860.0,5804.0,6200.0,5496.0,96193,327618,5820.0,106,5822.0,70,5824.0,98,5826.0,118,5828.0,62,5830.0,140,5832.0,86,5834.0,69,5836.0,281,5838.0,73,5828.0
TA501,,13:40:13.500#,5848.0,5860.0,5804.0,6200.0,5496.0,96193,327618,5820.0,106,5822.0,70,5824.0,98,5826.0,118,5828.0,66,5830.0,139,5832.0,86,5834.0,69,5836.0,281,5838.0,73,5828.0
TA501,,13:40:13.750#,5848.0,5860.0,5804.0,6200.0,5496.0,96193,327618,5820.0,106,5822.0,70,5824.0,98,5826.0,118,5828.0,72,5830.0,139,5832.0,86,5834.0,69,5836.0,281,5838.0,73,5828.0
TA501,,13:40:14.0#,5848.0,5860.0,5804.0,6200.0,5496.0,96193,327618,5820.0,106,5822.0,70,5824.0,98,5826.0,118,5828.0,73,5830.0,139,5832.0,86,5834.0,69,5836.0,281,5838.0,73,5828.0
TA501,,13:40:14.250#,5848.0,5860.0,5804.0,6200.0,5496.0,96193,327618,5820.0,106,5822.0,70,5824.0,98,5826.0,118,5828.0,62,5830.0,140,5832.0,86,5834.0,69,5836.0,281,5838.0,73,5828.0
TA501,,13:40:14.750#,5848.0,5860.0,5804.0,6200.0,5496.0,96193,327618,5820.0,106,5822.0,70,5824.0,98,5826.0,118,5828.0,63,5830.0,140,5832.0,86,5834.0,69,5836.0,281,5838.0,73,5828.0
TA501,,13:40:15.0#,5848.0,5860.0,5804.0,6200.0,5496.0,96193,327618,5820.0,106,5822.0,70,5824.0,98,5826.0,118,5828.0,63,5830.0,140,5832.0,86,5834.0,69,5836.0,282,5838.0,73,5828.0
TA501,,13:40:15.250#,5848.0,5860.0,5804.0,6200.0,5496.0,96193,327618,5820.0,106,5822.0,70,5824.0,98,5826.0,118,5828.0,63,5830.0,141,5832.0,86,5834.0,69,5836.0,282,5838.0,73,5828.0
TA501,,13:40:16.250#,5848.0,5860.0,5804.0,6200.0,5496.0,96193,327618,5820.0,106,5822.0,70,5824.0,98,5826.0,118,5828.0,68,5830.0,141,5832.0,86,5834.0,69,5836.0,282,5838.0,73,5828.0
TA501,,13:40:16.500#,5848.0,5860.0,5804.0,6200.0,5496.0,96193,327618,5820.0,106,5822.0,70,5824.0,98,5826.0,118,5828.0,69,5830.0,141,5832.0,86,5834.0,69,5836.0,282,5838.0,73,5828.0
TA501,,13:40:17.0#,5848.0,5860.0,5804.0,6200.0,5496.0,96193,327618,5820.0,106,5822.0,70,5824.0,98,5826.0,118,5828.0,68,5830.0,141,5832.0,86,5834.0,69,5836.0,282,5838.0,73,5828.0
TA501,,13:40:17.250#,5848.0,5860.0,5804.0,6200.0,5496.0,96193,327618,5820.0,106,5822.0,70,5824.0,98,5826.0,118,5828.0,92,5830.0,141,5832.0,86,5834.0,69,5836.0,282,5838.0,73,5828.0
TA501,,13:40:18.750#,5848.0,5860.0,5804.0,6200.0,5496.0,96193,327618,5820.0,106,5822.0,70,5824.0,98,5826.0,118,5828.0,69,5830.0,140,5832.0,86,5834.0,69,5836.0,282,5838.0,73,5828.0
TA501,,13:40:19.0#,5848.0,5860.0,5804.0,6200.0,5496.0,96193,327618,5820.0,106,5822.0,70,5824.0,98,5826.0,118,5828.0,92,5830.0,141,5832.0,86,5834.0,69,5836.0,282,5838.0,73,5828.0
TA501,,13:40:21.0#,5848.0,5860.0,5804.0,6200.0,5496.0,96193,327618,5820.0,106,5822.0,70,5824.0,98,5826.0,118,5828.0,94,5830.0,141,5832.0,86,5834.0,69,5836.0,282,5838.0,73,5828.0
TA501,,13:40:22.0#,5848.0,5860.0,5804.0,6200.0,5496.0,96193,327618,5820.0,106,5822.0,70,5824.0,98,5826.0,118,5828.0,94,5830.0,142,5832.0,86,5834.0,69,5836.0,282,5838.0,73,5828.0
TA501,,13:40:22.500#,5848.0,5860.0,5804.0,6200.0,5496.0,96201,327612,5820.0,106,5822.0,70,5824.0,98,5826.0,118,5828.0,96,5830.0,142,5832.0,86,5834.0,69,5836.0,282,5838.0,73,5828.0
TA501,,13:40:23.0#,5848.0,5860.0,5804.0,6200.0,5496.0,96213,327618,5820.0,106,5822.0,70,5824.0,98,5826.0,118,5828.0,94,5830.0,130,5832.0,86,5834.0,69,5836.0,282,5838.0,73,5830.0
TA501,,13:40:23.250#,5848.0,5860.0,5804.0,6200.0,5496.0,96213,327618,5820.0,106,5822.0,70,5824.0,98,5826.0,118,5828.0,104,5830.0,131,5832.0,86,5834.0,69,5836.0,282,5838.0,73,5830.0
TA501,,13:40:23.500#,5848.0,5860.0,5804.0,6200.0,5496.0,96219,327616,5820.0,106,5822.0,70,5824.0,98,5826.0,118,5828.0,126,5830.0,125,5832.0,86,5834.0,69,5836.0,282,5838.0,73,5830.0
TA501,,13:40:23.750#,5848.0,5860.0,5804.0,6200.0,5496.0,96221,327614,5820.0,106,5822.0,70,5824.0,98,5826.0,118,5828.0,119,5830.0,123,5832.0,86,5834.0,69,5836.0,282,5838.0,73,5830.0
TA501,,13:40:24.0#,5848.0,5860.0,5804.0,6200.0,5496.0,96221,327614,5820.0,106,5822.0,70,5824.0,98,5826.0,118,5828.0,129,5830.0,123,5832.0,86,5834.0,69,5836.0,282,5838.0,73,5830.0
TA501,,13:40:24.250#,5848.0,5860.0,5804.0,6200.0,5496.0,96222,327613,5820.0,106,5822.0,70,5824.0,98,5826.0,117,5828.0,128,5830.0,122,5832.0,86,5834.0,69,5836.0,282,5838.0,73,5830.0
TA501,,13:40:24.500#,5848.0,5860.0,5804.0,6200.0,5496.0,96222,327613,5820.0,106,5822.0,70,5824.0,99,5826.0,117,5828.0,129,5830.0,122,5832.0,86,5834.0,69,5836.0,282,5838.0,73,5830.0
TA501,,13:40:24.750#,5848.0,5860.0,5804.0,6200.0,5496.0,96227,327608,5820.0,106,5822.0,70,5824.0,99,5826.0,117,5828.0,124,5830.0,117,5832.0,86,5834.0,69,5836.0,282,5838.0,73,5830.0
TA501,,13:40:25.250#,5848.0,5860.0,5804.0,6200.0,5496.0,96331,327518,5820.0,106,5822.0,70,5824.0,99,5826.0,117,5828.0,422,5830.0,5,5832.0,86,5834.0,69,5836.0,282,5838.0,73,5830.0
TA501,,13:40:25.500#,5848.0,5860.0,5804.0,6200.0,5496.0,96346,327526,5820.0,106,5822.0,70,5824.0,99,5826.0,117,5828.0,540,5832.0,144,5834.0,71,5836.0,282,5838.0,73,5840.0,37,5828.0
TA501,,13:40:25.750#,5848.0,5860.0,5804.0,6200.0,5496.0,96346,327526,5822.0,70,5824.0,99,5826.0,117,5828.0,227,5830.0,13,5832.0,196,5834.0,71,5836.0,282,5838.0,73,5840.0,53,5828.0
TA501,,13:40:26.0#,5848.0,5860.0,5804.0,6200.0,5496.0,96346,327526,5822.0,78,5824.0,99,5826.0,111,5828.0,229,5830.0,8,5832.0,196,5834.0,71,5836.0,282,5838.0,73,5840.0,53,5828.0
TA501,,13:40:26.250#,5848.0,5860.0,5804.0,6200.0,5496.0,96346,327526,5822.0,78,5824.0,99,5826.0,111,5828.0,229,5830.0,8,5832.0,206,5834.0,71,5836.0,282,5838.0,73,5840.0,54,5828.0
TA501,,13:40:26.500#,5848.0,5860.0,5804.0,6200.0,5496.0,96346,327526,5822.0,78,5824.0,99,5826.0,111,5828.0,229,5830.0,13,5832.0,206,5834.0,71,5836.0,282,5838.0,73,5840.0,54,5828.0
TA501,,13:40:26.750#,5848.0,5860.0,5804.0,6200.0,5496.0,96346,327526,5822.0,78,5824.0,99,5826.0,111,5828.0,229,5830.0,14,5832.0,206,5834.0,71,5836.0,282,5838.0,73,5840.0,54,5828.0
TA501,,13:40:27.0#,5848.0,5860.0,5804.0,6200.0,5496.0,96346,327526,5822.0,78,5824.0,99,5826.0,111,5828.0,229,5830.0,14,5832.0,206,5834.0,71,5836.0,282,5838.0,73,5840.0,54,5828.0
TA501,,13:40:27.500#,5848.0,5860.0,5804.0,6200.0,5496.0,96356,327524,5822.0,78,5824.0,99,5826.0,111,5828.0,229,5830.0,4,5832.0,206,5834.0,71,5836.0,282,5838.0,73,5840.0,54,5830.0
TA501,,13:40:27.750#,5848.0,5860.0,5804.0,6200.0,5496.0,96356,327524,5822.0,78,5824.0,99,5826.0,111,5828.0,229,5830.0,10,5832.0,206,5834.0,71,5836.0,282,5838.0,73,5840.0,54,5830.0
TA501,,13:40:28.0#,5848.0,5860.0,5804.0,6200.0,5496.0,96356,327524,5822.0,78,5824.0,99,5826.0,111,5828.0,229,5830.0,14,5832.0,206,5834.0,71,5836.0,282,5838.0,73,5840.0,54,5830.0
TA501,,13:40:28.500#,5848.0,5860.0,5804.0,6200.0,5496.0,96356,327524,5822.0,78,5824.0,99,5826.0,111,5828.0,229,5830.0,14,5832.0,206,5834.0,70,5836.0,282,5838.0,73,5840.0,54,5830.0
TA501,,13:40:28.750#,5848.0,5860.0,5804.0,6200.0,5496.0,96356,327524,5822.0,78,5824.0,99,5826.0,111,5828.0,229,5830.0,34,5832.0,212,5834.0,70,5836.0,283,5838.0,73,5840.0,54,5830.0
TA501,,13:40:29.250#,5848.0,5860.0,5804.0,6200.0,5496.0,96356,327524,5822.0,78,5824.0,99,5826.0,111,5828.0,229,5830.0,34,5832.0,202,5834.0,70,5836.0,283,5838.0,73,5840.0,54,5830.0
TA501,,13:40:29.500#,5848.0,5860.0,5804.0,6200.0,5496.0,96356,327524,5822.0,78,5824.0,99,5826.0,111,5828.0,229,5830.0,48,5832.0,195,5834.0,70,5836.0,283,5838.0,73,5840.0,54,5830.0
TA501,,13:40:29.750#,5848.0,5860.0,5804.0,6200.0,5496.0,96356,327524,5822.0,78,5824.0,99,5826.0,111,5828.0,229,5830.0,57,5832.0,159,5834.0,70,5836.0,283,5838.0,73,5840.0,54,5830.0
TA501,,13:40:30.0#,5848.0,5860.0,5804.0,6200.0,5496.0,96356,327524,5822.0,78,5824.0,99,5826.0,111,5828.0,229,5830.0,59,5832.0,135,5834.0,69,5836.0,282,5838.0,75,5840.0,54,5830.0
TA501,,13:40:30.250#,5848.0,5860.0,5804.0,6200.0,5496.0,96356,327524,5822.0,78,5824.0,99,5826.0,111,5828.0,229,5830.0,59,5832.0,171,5834.0,69,5836.0,282,5838.0,75,5840.0,54,5830.0
TA501,,13:40:30.500#,5848.0,5860.0,5804.0,6200.0,5496.0,96356,327524,5822.0,78,5824.0,99,5826.0,111,5828.0,229,5830.0,59,5832.0,195,5834.0,69,5836.0,282,5838.0,75,5840.0,54,5830.0
TA501,,13:40:30.750#,5848.0,5860.0,5804.0,6200.0,5496.0,96356,327524,5822.0,78,5824.0,99,5826.0,111,5828.0,229,5830.0,49,5832.0,195,5834.0,69,5836.0,282,5838.0,75,5840.0,54,5830.0
TA501,,13:40:31.250#,5848.0,5860.0,5804.0,6200.0,5496.0,96356,327524,5822.0,78,5824.0,99,5826.0,111,5828.0,229,5830.0,49,5832.0,161,5834.0,69,5836.0,282,5838.0,75,5840.0,54,5830.0
TA501,,13:40:31.500#,5848.0,5860.0,5804.0,6200.0,5496.0,96356,327524,5822.0,78,5824.0,99,5826.0,111,5828.0,229,5830.0,91,5832.0,135,5834.0,69,5836.0,282,5838.0,75,5840.0,54,5830.0
TA501,,13:40:31.750#,5848.0,5860.0,5804.0,6200.0,5496.0,96356,327524,5822.0,78,5824.0,99,5826.0,111,5828.0,229,5830.0,78,5832.0,135,5834.0,70,5836.0,282,5838.0,75,5840.0,54,5830.0
TA501,,13:40:32.0#,5848.0,5860.0,5804.0,6200.0,5496.0,96361,327520,5822.0,78,5824.0,99,5826.0,111,5828.0,229,5830.0,73,5832.0,171,5834.0,70,5836.0,282,5838.0,75,5840.0,54,5830.0
TA501,,13:40:32.250#,5848.0,5860.0,5804.0,6200.0,5496.0,96361,327520,5822.0,78,5824.0,99,5826.0,111,5828.0,229,5830.0,70,5832.0,195,5834.0,70,5836.0,282,5838.0,75,5840.0,54,5830.0
TA501,,13:40:32.500#,5848.0,5860.0,5804.0,6200.0,5496.0,96361,327520,5822.0,78,5824.0,99,5826.0,111,5828.0,229,5830.0,60,5832.0,195,5834.0,70,5836.0,282,5838.0,75,5840.0,54,5830.0
TA501,,13:40:34.0#,5848.0,5860.0,5804.0,6200.0,5496.0,96361,327520,5822.0,78,5824.0,99,5826.0,111,5828.0,229,5830.0,60,5832.0,197,5834.0,70,5836.0,282,5838.0,75,5840.0,54,5830.0
TA501,,13:40:34.250#,5848.0,5860.0,5804.0,6200.0,5496.0,96361,327520,5822.0,78,5824.0,99,5826.0,111,5828.0,229,5830.0,60,5832.0,223,5834.0,70,5836.0,282,5838.0,75,5840.0,54,5830.0
TA501,,13:40:34.500#,5848.0,5860.0,5804.0,6200.0,5496.0,96361,327520,5822.0,78,5824.0,99,5826.0,111,5828.0,229,5830.0,101,5832.0,187,5834.0,70,5836.0,282,5838.0,75,5840.0,54,5830.0
TA501,,13:40:34.750#,5848.0,5860.0,5804.0,6200.0,5496.0,96361,327520,5822.0,78,5824.0,98,5826.0,111,5828.0,229,5830.0,139,5832.0,163,5834.0,70,5836.0,282,5838.0,75,5840.0,54,5830.0
TA501,,13:40:35.0#,5848.0,5860.0,5804.0,6200.0,5496.0,96361,327520,5822.0,78,5824.0,98,5826.0,112,5828.0,229,5830.0,166,5832.0,144,5834.0,70,5836.0,282,5838.0,75,5840.0,54,5830.0
TA501,,13:40:35.250#,5848.0,5860.0,5804.0,6200.0,5496.0,96361,327520,5822.0,78,5824.0,98,5826.0,110,5828.0,231,5830.0,157,5832.0,136,5834.0,70,5836.0,282,5838.0,91,5840.0,55,5830.0
TA501,,13:40:35.500#,5848.0,5860.0,5804.0,6200.0,5496.0,96361,327520,5822.0,78,5824.0,98,5826.0,110,5828.0,231,5830.0,87,5832.0,160,5834.0,70,5836.0,282,5838.0,91,5840.0,55,5830.0
TA501,,13:40:35.750#,5848.0,5860.0,5804.0,6200.0,5496.0,96361,327520,5822.0,78,5824.0,98,5826.0,110,5828.0,231,5830.0,74,5832.0,196,5834.0,70,5836.0,282,5838.0,91,5840.0,55,5830.0
TA501,,13:40:36.0#,5848.0,5860.0,5804.0,6200.0,5496.0,96361,327520,5822.0,78,5824.0,98,5826.0,110,5828.0,231,5830.0,73,5832.0,196,5834.0,70,5836.0,282,5838.0,91,5840.0,55,5830.0
TA501,,13:40:36.250#,5848.0,5860.0,5804.0,6200.0,5496.0,96364,327520,5822.0,78,5824.0,98,5826.0,110,5828.0,231,5830.0,70,5832.0,194,5834.0,70,5836.0,282,5838.0,91,5840.0,55,5830.0
TA501,,13:40:36.500#,5848.0,5860.0,5804.0,6200.0,5496.0,96365,327521,5822.0,78,5824.0,98,5826.0,110,5828.0,231,5830.0,66,5832.0,193,5834.0,70,5836.0,282,5838.0,91,5840.0,55,5830.0
TA501,,13:40:36.750#,5848.0,5860.0,5804.0,6200.0,5496.0,96365,327521,5822.0,78,5824.0,98,5826.0,110,5828.0,231,5830.0,66,5832.0,193,5834.0,70,5836.0,282,5838.0,91,5840.0,55,5830.0
TA501,,13:40:37.0#,5848.0,5860.0,5804.0,6200.0,5496.0,96366,327522,5822.0,78,5824.0,98,5826.0,110,5828.0,231,5830.0,65,5832.0,192,5834.0,70,5836.0,282,5838.0,91,5840.0,55,5830.0
TA501,,13:40:37.250#,5848.0,5860.0,5804.0,6200.0,5496.0,96366,327522,5822.0,78,5824.0,98,5826.0,140,5828.0,231,5830.0,65,5832.0,192,5834.0,70,5836.0,282,5838.0,91,5840.0,55,5830.0
TA501,,13:40:37.500#,5848.0,5860.0,5804.0,6200.0,5496.0,96374,327516,5822.0,78,5824.0,98,5826.0,140,5828.0,231,5830.0,57,5832.0,192,5834.0,70,5836.0,282,5838.0,91,5840.0,55,5830.0
TA501,,13:40:37.750#,5848.0,5860.0,5804.0,6200.0,5496.0,96375,327516,5822.0,78,5824.0,98,5826.0,140,5828.0,231,5830.0,56,5832.0,191,5834.0,70,5836.0,282,5838.0,91,5840.0,55,5830.0
TA501,,13:40:38.0#,5848.0,5860.0,5804.0,6200.0,5496.0,96375,327516,5822.0,78,5824.0,98,5826.0,140,5828.0,231,5830.0,66,5832.0,191,5834.0,70,5836.0,282,5838.0,91,5840.0,55,5830.0
TA501,,13:40:38.250#,5848.0,5860.0,5804.0,6200.0,5496.0,96375,327516,5822.0,78,5824.0,98,5826.0,140,5828.0,231,5830.0,74,5832.0,191,5834.0,70,5836.0,282,5838.0,91,5840.0,55,5830.0
TA501,,13:40:38.500#,5848.0,5860.0,5804.0,6200.0,5496.0,96375,327516,5822.0,78,5824.0,98,5826.0,140,5828.0,231,5830.0,76,5832.0,191,5834.0,70,5836.0,282,5838.0,91,5840.0,55,5830.0
TA501,,13:40:38.750#,5848.0,5860.0,5804.0,6200.0,5496.0,96376,327516,5822.0,78,5824.0,98,5826.0,136,5828.0,231,5830.0,136,5832.0,137,5834.0,70,5836.0,282,5838.0,91,5840.0,55,5830.0
TA501,,13:40:39.0#,5848.0,5860.0,5804.0,6200.0,5496.0,96376,327516,5822.0,78,5824.0,98,5826.0,136,5828.0,231,5830.0,272,5832.0,137,5834.0,70,5836.0,282,5838.0,91,5840.0,55,5830.0
TA501,,13:40:39.250#,5848.0,5860.0,5804.0,6200.0,5496.0,96376,327516,5822.0,78,5824.0,98,5826.0,136,5828.0,204,5830.0,227,5832.0,137,5834.0,70,5836.0,282,5838.0,91,5840.0,55,5830.0
TA501,,13:40:39.500#,5848.0,5860.0,5804.0,6200.0,5496.0,96376,327516,5822.0,78,5824.0,98,5826.0,136,5828.0,204,5830.0,131,5832.0,190,5834.0,70,5836.0,282,5838.0,91,5840.0,55,5830.0
TA501,,13:40:39.750#,5848.0,5860.0,5804.0,6200.0,5496.0,96376,327516,5822.0,78,5824.0,98,5826.0,136,5828.0,204,5830.0,118,5832.0,190,5834.0,70,5836.0,282,5838.0,91,5840.0,55,5830.0
TA501,,13:40:40.0#,5848.0,5860.0,5804.0,6200.0,5496.0,96379,327516,5822.0,78,5824.0,98,5826.0,136,5828.0,204,5830.0,115,5832.0,187,5834.0,70,5836.0,282,5838.0,91,5840.0,55,5830.0
TA501,,13:40:40.500#,5848.0,5860.0,5804.0,6200.0,5496.0,96379,327516,5822.0,78,5824.0,98,5826.0,136,5828.0,204,5830.0,115,5832.0,187,5834.0,71,5836.0,282,5838.0,91,5840.0,55,5830.0
TA501,,13:40:41.0#,5848.0,5860.0,5804.0,6200.0,5496.0,96379,327516,5822.0,78,5824.0,98,5826.0,136,5828.0,204,5830.0,115,5832.0,188,5834.0,71,5836.0,282,5838.0,91,5840.0,55,5830.0
TA501,,13:40:42.0#,5848.0,5860.0,5804.0,6200.0,5496.0,96389,327517,5822.0,78,5824.0,98,5826.0,136,5828.0,204,5830.0,105,5832.0,178,5834.0,71,5836.0,282,5838.0,91,5840.0,55,5830.0
TA501,,13:40:42.250#,5848.0,5860.0,5804.0,6200.0,5496.0,96389,327517,5822.0,78,5824.0,98,5826.0,136,5828.0,204,5830.0,106,5832.0,178,5834.0,71,5836.0,282,5838.0,91,5840.0,55,5830.0
TA501,,13:40:42.500#,5848.0,5860.0,5804.0,6200.0,5496.0,96389,327517,5822.0,78,5824.0,98,5826.0,136,5828.0,204,5830.0,106,5832.0,178,5834.0,71,5836.0,282,5838.0,91,5840.0,55,5830.0
TA501,,13:40:43.750#,5848.0,5860.0,5804.0,6200.0,5496.0,96389,327517,5822.0,78,5824.0,98,5826.0,136,5828.0,204,5830.0,106,5832.0,150,5834.0,72,5836.0,282,5838.0,91,5840.0,55,5830.0
TA501,,13:40:44.0#,5848.0,5860.0,5804.0,6200.0,5496.0,96399,327520,5822.0,78,5824.0,98,5826.0,136,5828.0,204,5830.0,100,5832.0,145,5834.0,72,5836.0,282,5838.0,91,5840.0,55,5830.0
TA501,,13:40:44.250#,5848.0,5860.0,5804.0,6200.0,5496.0,96399,327520,5822.0,78,5824.0,98,5826.0,136,5828.0,204,5830.0,101,5832.0,169,5834.0,72,5836.0,282,5838.0,91,5840.0,55,5830.0
TA501,,13:40:44.750#,5848.0,5860.0,5804.0,6200.0,5496.0,96399,327520,5822.0,78,5824.0,98,5826.0,136,5828.0,204,5830.0,101,5832.0,169,5834.0,72,5836.0,282,5838.0,91,5840.0,55,5830.0
TA501,,13:40:45.0#,5848.0,5860.0,5804.0,6200.0,5496.0,96399,327520,5822.0,78,5824.0,98,5826.0,136,5828.0,204,5830.0,101,5832.0,145,5834.0,72,5836.0,282,5838.0,91,5840.0,55,5830.0
TA501,,13:40:45.250#,5848.0,5860.0,5804.0,6200.0,5496.0,96409,327525,5822.0,78,5824.0,98,5826.0,136,5828.0,204,5830.0,95,5832.0,141,5834.0,72,5836.0,283,5838.0,91,5840.0,55,5830.0
TA501,,13:40:45.500#,5848.0,5860.0,5804.0,6200.0,5496.0,96410,327525,5822.0,78,5824.0,98,5826.0,136,5828.0,204,5830.0,90,5832.0,168,5834.0,72,5836.0,283,5838.0,91,5840.0,55,5830.0
TA501,,13:40:45.750#,5848.0,5860.0,5804.0,6200.0,5496.0,96410,327525,5822.0,78,5824.0,98,5826.0,136,5828.0,204,5830.0,80,5832.0,168,5834.0,72,5836.0,283,5838.0,91,5840.0,55,5830.0
TA501,,13:40:46.0#,5848.0,5860.0,5804.0,6200.0,5496.0,96410,327525,5822.0,78,5824.0,98,5826.0,136,5828.0,204,5830.0,80,5832.0,169,5834.0,72,5836.0,283,5838.0,91,5840.0,55,5830.0
TA501,,13:40:46.750#,5848.0,5860.0,5804.0,6200.0,5496.0,96410,327525,5822.0,78,5824.0,98,5826.0,136,5828.0,204,5830.0,80,5832.0,169,5834.0,72,5836.0,283,5838.0,91,5840.0,55,5830.0
TA501,,13:40:47.750#,5848.0,5860.0,5804.0,6200.0,5496.0,96410,327525,5822.0,78,5824.0,98,5826.0,136,5828.0,204,5830.0,80,5832.0,170,5834.0,72,5836.0,283,5838.0,91,5840.0,55,5830.0
TA501,,13:40:48.0#,5848.0,5860.0,5804.0,6200.0,5496.0,96411,327525,5822.0,78,5824.0,98,5826.0,136,5828.0,204,5830.0,79,5832.0,170,5834.0,72,5836.0,283,5838.0,91,5840.0,55,5830.0
TA501,,13:40:48.500#,5848.0,5860.0,5804.0,6200.0,5496.0,96421,327535,5822.0,78,5824.0,98,5826.0,136,5828.0,203,5830.0,70,5832.0,170,5834.0,72,5836.0,283,5838.0,91,5840.0,55,5830.0
TA501,,13:40:49.0#,5848.0,5860.0,5804.0,6200.0,5496.0,96421,327535,5822.0,78,5824.0,98,5826.0,136,5828.0,203,5830.0,50,5832.0,170,5834.0,72,5836.0,283,5838.0,91,5840.0,55,5830.0
TA501,,13:40:49.250#,5848.0,5860.0,5804.0,6200.0,5496.0,96421,327535,5822.0,78,5824.0,98,5826.0,136,5828.0,203,5830.0,50,5832.0,170,5834.0,72,5836.0,283,5838.0,91,5840.0,55,5830.0
TA501,,13:40:50.0#,5848.0,5860.0,5804.0,6200.0,5496.0,96422,327535,5822.0,78,5824.0,98,5826.0,136,5828.0,203,5830.0,49,5832.0,173,5834.0,72,5836.0,283,5838.0,91,5840.0,55,5830.0
TA501,,13:40:50.250#,5848.0,5860.0,5804.0,6200.0,5496.0,96422,327535,5822.0,78,5824.0,98,5826.0,136,5828.0,203,5830.0,43,5832.0,173,5834.0,72,5836.0,283,5838.0,91,5840.0,55,5830.0
TA501,,13:40:50.500#,5848.0,5860.0,5804.0,6200.0,5496.0,96422,327535,5822.0,78,5824.0,98,5826.0,136,5828.0,203,5830.0,44,5832.0,173,5834.0,72,5836.0,284,5838.0,91,5840.0,55,5830.0
TA501,,13:40:51.0#,5848.0,5860.0,5804.0,6200.0,5496.0,96430,327543,5822.0,78,5824.0,98,5826.0,136,5828.0,203,5830.0,36,5832.0,173,5834.0,72,5836.0,284,5838.0,91,5840.0,55,5830.0
TA501,,13:40:51.250#,5848.0,5860.0,5804.0,6200.0,5496.0,96435,327543,5822.0,78,5824.0,98,5826.0,136,5828.0,203,5830.0,31,5832.0,179,5834.0,72,5836.0,284,5838.0,91,5840.0,55,5830.0
TA501,,13:40:51.500#,5848.0,5860.0,5804.0,6200.0,5496.0,96461,327569,5820.0,99,5822.0,78,5824.0,98,5826.0,136,5828.0,516,5830.0,9,5832.0,149,5834.0,72,5836.0,284,5838.0,91,5830.0
TA501,,13:40:51.750#,5848.0,5860.0,5804.0,6200.0,5496.0,96461,327569,5820.0,105,5822.0,78,5824.0,99,5826.0,136,5828.0,491,5830.0,25,5832.0,147,5834.0,72,5836.0,284,5838.0,91,5830.0
TA501,,13:40:52.0#,5848.0,5860.0,5804.0,6200.0,5496.0,96492,327567,5820.0,105,5822.0,78,5824.0,99,5826.0,136,5828.0,482,5830.0,32,5832.0,147,5834.0,72,5836.0,284,5838.0,91,5830.0
TA501,,13:40:52.250#,5848.0,5860.0,5804.0,6200.0,5496.0,96528,327560,5822.0,78,5824.0,99,5826.0,136,5828.0,203,5830.0,29,5832.0,169,5834.0,72,5836.0,284,5838.0,91,5840.0,54,5830.0
TA501,,13:40:52.500#,5848.0,5860.0,5804.0,6200.0,5496.0,96557,327560,5822.0,78,5824.0,99,5826.0,136,5828.0,203,5830.0,1,5832.0,169,5834.0,72,5836.0,284,5838.0,91,5840.0,55,5830.0
TA501,,13:40:52.750#,5848.0,5860.0,5804.0,6200.0,5496.0,96558,327560,5820.0,104,5822.0,78,5824.0,99,5826.0,136,5828.0,512,5832.0,169,5834.0,72,5836.0,284,5838.0,91,5840.0,55,5830.0
TA501,,13:40:53.0#,5848.0,5860.0,5804.0,6200.0,5496.0,96558,327560,5822.0,78,5824.0,99,5826.0,136,5828.0,203,5830.0,20,5832.0,173,5834.0,72,5836.0,284,5838.0,91,5840.0,55,5830.0
TA501,,13:40:53.250#,5848.0,5860.0,5804.0,6200.0,5496.0,96558,327560,5822.0,78,5824.0,99,5826.0,136,5828.0,203,5830.0,21,5832.0,183,5834.0,72,5836.0,284,5838.0,91,5840.0,55,5830.0
TA501,,13:40:53.500#,5848.0,5860.0,5804.0,6200.0,5496.0,96558,327560,5822.0,78,5824.0,99,5826.0,136,5828.0,203,5830.0,21,5832.0,183,5834.0,72,5836.0,284,5838.0,91,5840.0,55,5830.0
TA501,,13:40:53.750#,5848.0,5860.0,5804.0,6200.0,5496.0,96559,327559,5822.0,78,5824.0,99,5826.0,136,5828.0,203,5830.0,20,5832.0,183,5834.0,72,5836.0,284,5838.0,91,5840.0,55,5830.0
TA501,,13:40:54.0#,5848.0,5860.0,5804.0,6200.0,5496.0,96569,327549,5822.0,78,5824.0,99,5826.0,136,5828.0,203,5830.0,1,5832.0,178,5834.0,72,5836.0,284,5838.0,91,5840.0,55,5830.0
TA501,,13:40:54.250#,5848.0,5860.0,5804.0,6200.0,5496.0,96569,327549,5822.0,78,5824.0,99,5826.0,136,5828.0,203,5830.0,21,5832.0,178,5834.0,72,5836.0,284,5838.0,91,5840.0,55,5830.0
TA501,,13:40:55.250#,5848.0,5860.0,5804.0,6200.0,5496.0,96574,327545,5822.0,78,5824.0,99,5826.0,136,5828.0,203,5830.0,16,5832.0,183,5834.0,74,5836.0,284,5838.0,91,5840.0,55,5830.0
TA501,,13:40:55.500#,5848.0,5860.0,5804.0,6200.0,5496.0,96574,327545,5822.0,78,5824.0,99,5826.0,136,5828.0,203,5830.0,17,5832.0,183,5834.0,74,5836.0,284,5838.0,91,5840.0,55,5830.0
TA501,,13:40:55.750#,5848.0,5860.0,5804.0,6200.0,5496.0,96574,327545,5822.0,78,5824.0,99,5826.0,136,5828.0,203,5830.0,25,5832.0,183,5834.0,74,5836.0,284,5838.0,91,5840.0,55,5830.0
TA501,,13:40:56.250#,5848.0,5860.0,5804.0,6200.0,5496.0,96574,327545,5822.0,78,5824.0,99,5826.0,136,5828.0,203,5830.0,9,5832.0,183,5834.0,74,5836.0,284,5838.0,91,5840.0,55,5830.0
TA501,,13:40:56.500#,5848.0,5860.0,5804.0,6200.0,5496.0,96574,327545,5822.0,78,5824.0,99,5826.0,136,5828.0,203,5830.0,9,5832.0,184,5834.0,74,5836.0,284,5838.0,91,5840.0,55,5830.0
TA501,,13:40:56.750#,5848.0,5860.0,5804.0,6200.0,5496.0,96583,327551,5820.0,104,5822.0,78,5824.0,99,5826.0,136,5828.0,345,5832.0,184,5834.0,74,5836.0,284,5838.0,91,5840.0,55,5830.0
TA501,,13:40:57.0#,5848.0,5860.0,5804.0,6200.0,5496.0,96583,327551,5820.0,105,5822.0,78,5824.0,99,5826.0,136,5828.0,340,5830.0,4,5832.0,167,5834.0,74,5836.0,284,5838.0,91,5830.0
TA501,,13:40:57.250#,5848.0,5860.0,5804.0,6200.0,5496.0,96583,327551,5820.0,105,5822.0,78,5824.0,99,5826.0,136,5828.0,334,5830.0,26,5832.0,163,5834.0,74,5836.0,284,5838.0,91,5830.0
TA501,,13:40:57.500#,5848.0,5860.0,5804.0,6200.0,5496.0,96583,327551,5820.0,105,5822.0,78,5824.0,99,5826.0,136,5828.0,334,5830.0,31,5832.0,163,5834.0,74,5836.0,284,5838.0,91,5830.0
TA501,,13:40:57.750#,5848.0,5860.0,5804.0,6200.0,5496.0,96598,327549,5820.0,105,5822.0,78,5824.0,99,5826.0,136,5828.0,304,5830.0,5,5832.0,163,5834.0,74,5836.0,284,5838.0,91,5830.0
TA501,,13:40:58.0#,5848.0,5860.0,5804.0,6200.0,5496.0,96598,327549,5820.0,105,5822.0,78,5824.0,99,5826.0,136,5828.0,264,5830.0,5,5832.0,163,5834.0,74,5836.0,284,5838.0,91,5830.0
TA501,,13:40:58.250#,5848.0,5860.0,5804.0,6200.0,5496.0,96598,327549,5820.0,105,5822.0,78,5824.0,99,5826.0,136,5828.0,507,5830.0,29,5832.0,163,5834.0,74,5836.0,284,5838.0,91,5830.0
TA501,,13:40:58.500#,5848.0,5860.0,5804.0,6200.0,5496.0,96628,327574,5822.0,78,5824.0,99,5826.0,136,5828.0,201,5830.0,46,5832.0,182,5834.0,74,5836.0,284,5838.0,91,5840.0,54,5830.0
TA501,,13:40:58.750#,5848.0,5860.0,5804.0,6200.0,5496.0,96629,327573,5822.0,78,5824.0,99,5826.0,136,5828.0,201,5830.0,50,5832.0,181,5834.0,74,5836.0,284,5838.0,91,5840.0,55,5830.0
TA501,,13:40:59.0#,5848.0,5860.0,5804.0,6200.0,5496.0,96629,327573,5822.0,78,5824.0,99,5826.0,136,5828.0,201,5830.0,50,5832.0,181,5834.0,74,5836.0,284,5838.0,91,5840.0,55,5830.0
TA501,,13:40:59.250#,5848.0,5860.0,5804.0,6200.0,5496.0,96629,327573,5822.0,78,5824.0,99,5826.0,136,5828.0,201,5830.0,50,5832.0,183,5834.0,74,5836.0,284,5838.0,91,5840.0,55,5830.0
TA501,,13:40:59.750#,5848.0,5860.0,5804.0,6200.0,5496.0,96630,327572,5822.0,78,5824.0,99,5826.0,136,5828.0,201,5830.0,49,5832.0,183,5834.0,74,5836.0,284,5838.0,91,5840.0,55,5830.0
TA501,,13:41:00.250#,5848.0,5860.0,5804.0,6200.0,5496.0,96630,327572,5822.0,78,5824.0,99,5826.0,136,5828.0,201,5830.0,49,5832.0,201,5834.0,74,5836.0,284,5838.0,91,5840.0,55,5830.0
TA501,,13:41:00.750#,5848.0,5860.0,5804.0,6200.0,5496.0,96633,327569,5822.0,78,5824.0,99,5826.0,136,5828.0,201,5830.0,46,5832.0,199,5834.0,74,5836.0,283,5838.0,91,5840.0,55,5830.0
TA501,,13:41:01.0#,5848.0,5860.0,5804.0,6200.0,5496.0,96633,327569,5822.0,78,5824.0,99,5826.0,136,5828.0,201,5830.0,58,5832.0,189,5834.0,74,5836.0,283,5838.0,91,5840.0,55,5830.0
TA501,,13:41:01.250#,5848.0,5860.0,5804.0,6200.0,5496.0,96634,327568,5822.0,78,5824.0,99,5826.0,136,5828.0,201,5830.0,57,5832.0,207,5834.0,74,5836.0,283,5838.0,91,5840.0,55,5830.0
TA501,,13:41:01.500#,5848.0,5860.0,5804.0,6200.0,5496.0,96634,327568,5822.0,78,5824.0,99,5826.0,136,5828.0,201,5830.0,57,5832.0,186,5834.0,74,5836.0,283,5838.0,91,5840.0,55,5830.0
TA501,,13:41:01.750#,5848.0,5860.0,5804.0,6200.0,5496.0,96643,327568,5822.0,78,5824.0,99,5826.0,136,5828.0,201,5830.0,48,5832.0,177,5834.0,74,5836.0,283,5838.0,91,5840.0,55,5830.0
TA501,,13:41:03.250#,5848.0,5860.0,5804.0,6200.0,5496.0,96643,327568,5822.0,78,5824.0,99,5826.0,136,5828.0,201,5830.0,48,5832.0,178,5834.0,74,5836.0,285,5838.0,91,5840.0,55,5830.0
TA501,,13:41:03.750#,5848.0,5860.0,5804.0,6200.0,5496.0,96643,327568,5822.0,78,5824.0,99,5826.0,136,5828.0,201,5830.0,48,5832.0,178,5834.0,75,5836.0,285,5838.0,91,5840.0,55,5830.0
TA501,,13:41:04.500#,5848.0,5860.0,5804.0,6200.0,5496.0,96643,327568,5822.0,78,5824.0,99,5826.0,136,5828.0,201,5830.0,48,5832.0,203,5834.0,75,5836.0,285,5838.0,91,5840.0,55,5830.0
TA501,,13:41:05.250#,5848.0,5860.0,5804.0,6200.0,5496.0,96643,327568,5822.0,78,5824.0,99,5826.0,136,5828.0,202,5830.0,48,5832.0,203,5834.0,75,5836.0,285,5838.0,91,5840.0,55,5830.0
TA501,,13:41:07.500#,5848.0,5860.0,5804.0,6200.0,5496.0,96648,327563,5822.0,78,5824.0,99,5826.0,136,5828.0,201,5830.0,43,5832.0,177,5834.0,75,5836.0,285,5838.0,91,5840.0,55,5830.0
TA501,,13:41:08.500#,5848.0,5860.0,5804.0,6200.0,5496.0,96651,327566,5822.0,78,5824.0,99,5826.0,136,5828.0,201,5830.0,70,5832.0,174,5834.0,75,5836.0,285,5838.0,91,5840.0,55,5830.0
TA501,,13:41:15.250#,5848.0,5860.0,5804.0,6200.0,5496.0,96651,327566,5822.0,78,5824.0,99,5826.0,136,5828.0,202,5830.0,59,5832.0,174,5834.0,75,5836.0,285,5838.0,96,5840.0,55,5830.0
TA501,,13:41:15.750#,5848.0,5860.0,5804.0,6200.0,5496.0,96661,327556,5822.0,78,5824.0,99,5826.0,136,5828.0,202,5830.0,49,5832.0,150,5834.0,75,5836.0,285,5838.0,96,5840.0,55,5830.0
TA501,,13:41:16.0#,5848.0,5860.0,5804.0,6200.0,5496.0,96661,327556,5822.0,78,5824.0,99,5826.0,136,5828.0,202,5830.0,49,5832.0,174,5834.0,75,5836.0,285,5838.0,96,5840.0,55,5830.0
TA501,,13:41:18.0#,5848.0,5860.0,5804.0,6200.0,5496.0,96661,327556,5822.0,78,5824.0,99,5826.0,136,5828.0,202,5830.0,79,5832.0,174,5834.0,75,5836.0,285,5838.0,96,5840.0,55,5830.0
TA501,,13:41:21.0#,5848.0,5860.0,5804.0,6200.0,5496.0,96662,327556,5822.0,78,5824.0,99,5826.0,136,5828.0,202,5830.0,74,5832.0,174,5834.0,75,5836.0,285,5838.0,96,5840.0,55,5830.0
TA501,,13:41:23.250#,5848.0,5860.0,5804.0,6200.0,5496.0,96662,327556,5822.0,78,5824.0,99,5826.0,136,5828.0,202,5830.0,44,5832.0,174,5834.0,75,5836.0,285,5838.0,96,5840.0,55,5830.0
TA501,,13:41:24.750#,5848.0,5860.0,5804.0,6200.0,5496.0,96668,327550,5822.0,78,5824.0,99,5826.0,136,5828.0,202,5830.0,38,5832.0,174,5834.0,75,5836.0,285,5838.0,96,5840.0,55,5830.0
TA501,,13:41:25.0#,5848.0,5860.0,5804.0,6200.0,5496.0,96668,327550,5822.0,78,5824.0,99,5826.0,136,5828.0,202,5830.0,36,5832.0,174,5834.0,75,5836.0,285,5838.0,96,5840.0,55,5830.0
TA501,,13:41:27.500#,5848.0,5860.0,5804.0,6200.0,5496.0,96668,327550,5822.0,78,5824.0,99,5826.0,136,5828.0,202,5830.0,34,5832.0,174,5834.0,75,5836.0,285,5838.0,96,5840.0,55,5830.0
TA501,,13:41:30.0#,5848.0,5860.0,5804.0,6200.0,5496.0,96668,327550,5822.0,78,5824.0,99,5826.0,136,5828.0,202,5830.0,34,5832.0,174,5834.0,75,5836.0,284,5838.0,96,5840.0,55,5830.0
TA501,,13:41:32.250#,5848.0,5860.0,5804.0,6200.0,5496.0,96674,327544,5822.0,78,5824.0,99,5826.0,136,5828.0,202,5830.0,28,5832.0,174,5834.0,75,5836.0,284,5838.0,96,5840.0,55,5830.0
TA501,,13:41:32.500#,5848.0,5860.0,5804.0,6200.0,5496.0,96674,327544,5822.0,78,5824.0,99,5826.0,136,5828.0,202,5830.0,16,5832.0,174,5834.0,75,5836.0,284,5838.0,96,5840.0,55,5830.0
TA501,,13:41:32.750#,5848.0,5860.0,5804.0,6200.0,5496.0,96674,327544,5822.0,78,5824.0,99,5826.0,136,5828.0,204,5830.0,16,5832.0,174,5834.0,75,5836.0,284,5838.0,96,5840.0,55,5830.0
TA501,,13:41:33.250#,5848.0,5860.0,5804.0,6200.0,5496.0,96674,327544,5822.0,78,5824.0,99,5826.0,136,5828.0,204,5830.0,13,5832.0,174,5834.0,75,5836.0,284,5838.0,96,5840.0,55,5830.0
TA501,,13:41:34.500#,5848.0,5860.0,5804.0,6200.0,5496.0,96674,327544,5822.0,78,5824.0,99,5826.0,136,5828.0,204,5830.0,14,5832.0,226,5834.0,75,5836.0,284,5838.0,96,5840.0,55,5830.0
TA501,,13:41:35.500#,5848.0,5860.0,5804.0,6200.0,5496.0,96688,327557,5820.0,104,5822.0,78,5824.0,99,5826.0,136,5828.0,537,5830.0,1,5832.0,221,5834.0,75,5836.0,284,5838.0,96,5830.0
TA501,,13:41:35.750#,5848.0,5860.0,5804.0,6200.0,5496.0,96688,327557,5820.0,105,5822.0,78,5824.0,99,5826.0,136,5828.0,537,5830.0,32,5832.0,223,5834.0,75,5836.0,284,5838.0,96,5830.0
TA501,,13:41:36.0#,5848.0,5860.0,5804.0,6200.0,5496.0,96690,327556,5820.0,105,5822.0,78,5824.0,99,5826.0,136,5828.0,376,5830.0,33,5832.0,223,5834.0,75,5836.0,284,5838.0,96,5830.0
TA501,,13:41:36.250#,5848.0,5860.0,5804.0,6200.0,5496.0,96690,327556,5820.0,105,5822.0,78,5824.0,99,5826.0,136,5828.0,206,5830.0,38,5832.0,238,5834.0,75,5836.0,284,5838.0,96,5830.0
TA501,,13:41:36.500#,5848.0,5860.0,5804.0,6200.0,5496.0,96690,327556,5820.0,105,5822.0,78,5824.0,99,5826.0,135,5828.0,203,5830.0,66,5832.0,216,5834.0,75,5836.0,284,5838.0,96,5830.0
TA501,,13:41:36.750#,5848.0,5860.0,5804.0,6200.0,5496.0,96690,327556,5820.0,105,5822.0,79,5824.0,99,5826.0,135,5828.0,203,5830.0,67,5832.0,215,5834.0,75,5836.0,284,5838.0,96,5830.0
TA501,,13:41:37.0#,5848.0,5860.0,5804.0,6200.0,5496.0,96690,327556,5820.0,105,5822.0,79,5824.0,99,5826.0,135,5828.0,203,5830.0,41,5832.0,215,5834.0,75,5836.0,284,5838.0,96,5830.0
TA501,,13:41:37.250#,5848.0,5860.0,5804.0,6200.0,5496.0,96690,327556,5820.0,105,5822.0,79,5824.0,99,5826.0,135,5828.0,354,5830.0,13,5832.0,215,5834.0,75,5836.0,284,5838.0,96,5830.0
TA501,,13:41:37.500#,5848.0,5860.0,5804.0,6200.0,5496.0,96690,327556,5820.0,105,5822.0,78,5824.0,99,5826.0,135,5828.0,451,5830.0,2,5832.0,215,5834.0,75,5836.0,284,5838.0,96,5830.0
TA501,,13:41:37.750#,5848.0,5860.0,5804.0,6200.0,5496.0,96690,327556,5820.0,105,5822.0,78,5824.0,100,5826.0,135,5828.0,509,5830.0,2,5832.0,216,5834.0,75,5836.0,284,5838.0,96,5830.0
TA501,,13:41:38.0#,5848.0,5860.0,5804.0,6200.0,5496.0,96690,327556,5820.0,105,5822.0,78,5824.0,100,5826.0,135,5828.0,509,5830.0,2,5832.0,206,5834.0,75,5836.0,284,5838.0,96,5830.0
TA501,,13:41:38.250#,5848.0,5860.0,5804.0,6200.0,5496.0,96690,327556,5820.0,105,5822.0,78,5824.0,100,5826.0,135,5828.0,509,5830.0,2,5832.0,206,5834.0,75,5836.0,284,5838.0,96,5830.0
TA501,,13:41:39.0#,5848.0,5860.0,5804.0,6200.0,5496.0,96691,327556,5820.0,105,5822.0,78,5824.0,100,5826.0,135,5828.0,509,5830.0,1,5832.0,206,5834.0,75,5836.0,284,5838.0,96,5830.0
TA501,,13:41:39.750#,5848.0,5860.0,5804.0,6200.0,5496.0,96691,327556,5820.0,105,5822.0,78,5824.0,100,5826.0,135,5828.0,509,5830.0,1,5832.0,206,5834.0,83,5836.0,284,5838.0,96,5830.0
TA501,,13:41:40.500#,5848.0,5860.0,5804.0,6200.0,5496.0,96691,327556,5820.0,105,5822.0,78,5824.0,100,5826.0,135,5828.0,510,5830.0,1,5832.0,206,5834.0,83,5836.0,284,5838.0,96,5830.0
TA501,,13:41:40.750#,5848.0,5860.0,5804.0,6200.0,5496.0,96692,327555,5820.0,105,5822.0,78,5824.0,100,5826.0,135,5828.0,510,5832.0,250,5834.0,83,5836.0,284,5838.0,96,5840.0,54,5830.0
TA501,,13:41:41.0#,5848.0,5860.0,5804.0,6200.0,5496.0,96692,327555,5822.0,78,5824.0,100,5826.0,135,5828.0,177,5830.0,20,5832.0,250,5834.0,83,5836.0,284,5838.0,96,5840.0,55,5830.0
TA501,,13:41:41.250#,5848.0,5860.0,5804.0,6200.0,5496.0,96692,327555,5822.0,78,5824.0,100,5826.0,135,5828.0,177,5830.0,33,5832.0,250,5834.0,83,5836.0,284,5838.0,96,5840.0,55,5830.0
TA501,,13:41:41.500#,5848.0,5860.0,5804.0,6200.0,5496.0,96692,327555,5822.0,78,5824.0,100,5826.0,135,5828.0,177,5830.0,35,5832.0,250,5834.0,83,5836.0,284,5838.0,96,5840.0,55,5830.0
TA501,,13:41:44.500#,5848.0,5860.0,5804.0,6200.0,5496.0,96694,327553,5822.0,78,5824.0,100,5826.0,135,5828.0,177,5830.0,83,5832.0,178,5834.0,83,5836.0,293,5838.0,96,5840.0,55,5830.0
TA501,,13:41:45.250#,5848.0,5860.0,5804.0,6200.0,5496.0,96695,327552,5822.0,78,5824.0,100,5826.0,135,5828.0,176,5830.0,90,5832.0,201,5834.0,83,5836.0,293,5838.0,96,5840.0,55,5830.0
TA501,,13:41:47.500#,5848.0,5860.0,5804.0,6200.0,5496.0,96697,327550,5822.0,78,5824.0,100,5826.0,135,5828.0,176,5830.0,91,5832.0,175,5834.0,83,5836.0,293,5838.0,96,5840.0,55,5830.0
TA501,,13:41:47.750#,5848.0,5860.0,5804.0,6200.0,5496.0,96697,327550,5822.0,78,5824.0,100,5826.0,135,5828.0,176,5830.0,92,5832.0,175,5834.0,83,5836.0,293,5838.0,96,5840.0,55,5830.0
TA501,,13:41:49.750#,5848.0,5860.0,5804.0,6200.0,5496.0,96698,327550,5822.0,78,5824.0,100,5826.0,135,5828.0,176,5830.0,82,5832.0,199,5834.0,83,5836.0,293,5838.0,96,5840.0,55,5830.0
TA501,,13:41:52.500#,5848.0,5860.0,5804.0,6200.0,5496.0,96698,327550,5822.0,78,5824.0,100,5826.0,135,5828.0,176,5830.0,87,5832.0,199,5834.0,83,5836.0,293,5838.0,99,5840.0,55,5830.0
TA501,,13:41:56.500#,5848.0,5860.0,5804.0,6200.0,5496.0,96699,327550,5822.0,78,5824.0,100,5826.0,135,5828.0,176,5830.0,87,5832.0,199,5834.0,83,5836.0,293,5838.0,99,5840.0,63,5830.0
TA501,,13:41:58.0#,5848.0,5860.0,5804.0,6200.0,5496.0,96699,327550,5822.0,78,5824.0,100,5826.0,135,5828.0,176,5830.0,77,5832.0,199,5834.0,83,5836.0,293,5838.0,99,5840.0,63,5830.0
TA501,,13:41:58.250#,5848.0,5860.0,5804.0,6200.0,5496.0,96699,327550,5822.0,78,5824.0,100,5826.0,135,5828.0,176,5830.0,77,5832.0,199,5834.0,83,5836.0,293,5838.0,99,5840.0,63,5830.0
TA501,,13:41:58.500#,5848.0,5860.0,5804.0,6200.0,5496.0,96699,327550,5822.0,78,5824.0,100,5826.0,135,5828.0,176,5830.0,78,5832.0,199,5834.0,83,5836.0,293,5838.0,99,5840.0,63,5830.0
TA501,,13:42:00.750#,5848.0,5860.0,5804.0,6200.0,5496.0,96699,327550,5822.0,78,5824.0,100,5826.0,135,5828.0,176,5830.0,84,5832.0,199,5834.0,83,5836.0,293,5838.0,99,5840.0,63,5830.0
TA501,,13:42:03.0#,5848.0,5860.0,5804.0,6200.0,5496.0,96699,327550,5822.0,78,5824.0,100,5826.0,135,5828.0,176,5830.0,27,5832.0,213,5834.0,84,5836.0,293,5838.0,99,5840.0,63,5830.0
TA501,,13:42:03.500#,5848.0,5860.0,5804.0,6200.0,5496.0,96703,327553,5822.0,78,5824.0,100,5826.0,135,5828.0,176,5830.0,25,5832.0,213,5834.0,84,5836.0,293,5838.0,99,5840.0,63,5830.0
TA501,,13:42:04.0#,5848.0,5860.0,5804.0,6200.0,5496.0,96703,327553,5822.0,78,5824.0,100,5826.0,135,5828.0,176,5830.0,45,5832.0,203,5834.0,84,5836.0,293,5838.0,99,5840.0,63,5830.0
TA501,,13:42:04.500#,5848.0,5860.0,5804.0,6200.0,5496.0,96703,327553,5822.0,78,5824.0,100,5826.0,135,5828.0,176,5830.0,46,5832.0,253,5834.0,84,5836.0,293,5838.0,99,5840.0,63,5830.0
TA501,,13:42:04.750#,5848.0,5860.0,5804.0,6200.0,5496.0,96703,327553,5822.0,78,5824.0,100,5826.0,135,5828.0,176,5830.0,49,5832.0,253,5834.0,84,5836.0,293,5838.0,99,5840.0,63,5830.0
TA501,,13:42:06.500#,5848.0,5860.0,5804.0,6200.0,5496.0,96703,327553,5822.0,78,5824.0,100,5826.0,135,5828.0,176,5830.0,49,5832.0,201,5834.0,84,5836.0,293,5838.0,99,5840.0,63,5830.0
TA501,,13:42:07.0#,5848.0,5860.0,5804.0,6200.0,5496.0,96707,327551,5822.0,78,5824.0,100,5826.0,135,5828.0,178,5830.0,48,5832.0,197,5834.0,84,5836.0,293,5838.0,99,5840.0,63,5832.0
TA501,,13:42:07.250#,5848.0,5860.0,5804.0,6200.0,5496.0,96742,327533,5822.0,80,5824.0,100,5826.0,135,5828.0,178,5830.0,47,5832.0,139,5834.0,84,5836.0,293,5838.0,99,5840.0,63,5832.0
TA501,,13:42:09.250#,5848.0,5860.0,5804.0,6200.0,5496.0,96742,327533,5822.0,80,5824.0,100,5826.0,135,5828.0,178,5830.0,77,5832.0,144,5834.0,84,5836.0,293,5838.0,99,5840.0,73,5832.0
TA501,,13:42:09.500#,5848.0,5860.0,5804.0,6200.0,5496.0,96742,327533,5822.0,80,5824.0,100,5826.0,135,5828.0,178,5830.0,74,5832.0,146,5834.0,84,5836.0,293,5838.0,99,5840.0,73,5832.0
TA501,,13:42:14.0#,5848.0,5860.0,5804.0,6200.0,5496.0,96753,327522,5822.0,80,5824.0,100,5826.0,135,5828.0,178,5830.0,20,5832.0,167,5834.0,84,5836.0,293,5838.0,99,5840.0,73,5830.0
TA501,,13:42:16.0#,5848.0,5860.0,5804.0,6200.0,5496.0,96754,327523,5822.0,80,5824.0,100,5826.0,135,5828.0,178,5830.0,20,5832.0,183,5834.0,84,5836.0,293,5838.0,99,5840.0,73,5832.0
TA501,,13:42:24.0#,5848.0,5860.0,5804.0,6200.0,5496.0,96766,327513,5822.0,80,5824.0,100,5826.0,135,5828.0,143,5830.0,52,5832.0,184,5834.0,84,5836.0,293,5838.0,99,5840.0,73,5830.0
TA501,,13:42:25.0#,5848.0,5860.0,5804.0,6200.0,5496.0,96766,327513,5822.0,80,5824.0,100,5826.0,135,5828.0,143,5830.0,51,5832.0,184,5834.0,85,5836.0,293,5838.0,99,5840.0,73,5830.0
TA501,,13:42:27.0#,5848.0,5860.0,5804.0,6200.0,5496.0,96766,327513,5822.0,80,5824.0,100,5826.0,135,5828.0,143,5830.0,52,5832.0,183,5834.0,85,5836.0,293,5838.0,99,5840.0,73,5830.0
TA501,,13:42:31.0#,5848.0,5860.0,5804.0,6200.0,5496.0,96770,327512,5822.0,80,5824.0,100,5826.0,135,5828.0,143,5830.0,54,5832.0,187,5834.0,85,5836.0,293,5838.0,99,5840.0,73,5830.0
TA501,,13:42:32.500#,5848.0,5860.0,5804.0,6200.0,5496.0,96770,327512,5822.0,80,5824.0,100,5826.0,135,5828.0,143,5830.0,54,5832.0,163,5834.0,85,5836.0,293,5838.0,99,5840.0,75,5830.0
TA501,,13:42:33.750#,5848.0,5860.0,5804.0,6200.0,5496.0,96770,327512,5822.0,80,5824.0,100,5826.0,135,5828.0,143,5830.0,54,5832.0,189,5834.0,85,5836.0,293,5838.0,99,5840.0,75,5830.0
TA501,,13:42:34.250#,5848.0,5860.0,5804.0,6200.0,5496.0,96770,327512,5822.0,80,5824.0,100,5826.0,135,5828.0,143,5830.0,49,5832.0,194,5834.0,85,5836.0,293,5838.0,99,5840.0,75,5830.0
TA501,,13:42:34.500#,5848.0,5860.0,5804.0,6200.0,5496.0,96771,327512,5822.0,80,5824.0,100,5826.0,135,5828.0,143,5830.0,49,5832.0,301,5834.0,85,5836.0,293,5838.0,99,5840.0,75,5830.0
TA501,,13:42:34.750#,5848.0,5860.0,5804.0,6200.0,5496.0,96771,327512,5822.0,80,5824.0,100,5826.0,135,5828.0,143,5830.0,47,5832.0,301,5834.0,85,5836.0,293,5838.0,99,5840.0,75,5830.0
TA501,,13:42:35.0#,5848.0,5860.0,5804.0,6200.0,5496.0,96771,327512,5822.0,80,5824.0,100,5826.0,135,5828.0,143,5830.0,27,5832.0,311,5834.0,85,5836.0,293,5838.0,99,5840.0,75,5830.0
TA501,,13:42:35.250#,5848.0,5860.0,5804.0,6200.0,5496.0,96771,327512,5822.0,80,5824.0,100,5826.0,135,5828.0,143,5830.0,15,5832.0,311,5834.0,85,5836.0,293,5838.0,99,5840.0,75,5830.0
TA501,,13:42:35.500#,5848.0,5860.0,5804.0,6200.0,5496.0,96771,327512,5822.0,80,5824.0,100,5826.0,135,5828.0,145,5830.0,15,5832.0,341,5834.0,85,5836.0,293,5838.0,99,5840.0,75,5830.0
TA501,,13:42:35.750#,5848.0,5860.0,5804.0,6200.0,5496.0,96771,327512,5822.0,80,5824.0,100,5826.0,135,5828.0,145,5830.0,15,5832.0,346,5834.0,85,5836.0,293,5838.0,99,5840.0,75,5830.0
TA501,,13:42:36.0#,5848.0,5860.0,5804.0,6200.0,5496.0,96771,327512,5822.0,80,5824.0,100,5826.0,135,5828.0,145,5830.0,15,5832.0,345,5834.0,85,5836.0,293,5838.0,99,5840.0,75,5830.0
TA501,,13:42:36.500#,5848.0,5860.0,5804.0,6200.0,5496.0,96771,327512,5822.0,80,5824.0,100,5826.0,135,5828.0,145,5830.0,13,5832.0,294,5834.0,85,5836.0,293,5838.0,99,5840.0,75,5830.0
TA501,,13:42:36.750#,5848.0,5860.0,5804.0,6200.0,5496.0,96771,327512,5822.0,80,5824.0,100,5826.0,135,5828.0,145,5830.0,35,5832.0,294,5834.0,85,5836.0,293,5838.0,99,5840.0,75,5830.0
TA501,,13:42:37.0#,5848.0,5860.0,5804.0,6200.0,5496.0,96771,327512,5822.0,80,5824.0,100,5826.0,135,5828.0,145,5830.0,35,5832.0,290,5834.0,85,5836.0,293,5838.0,99,5840.0,75,5830.0
TA501,,13:42:38.250#,5848.0,5860.0,5804.0,6200.0,5496.0,96775,327508,5822.0,80,5824.0,100,5826.0,135,5828.0,145,5830.0,33,5832.0,290,5834.0,83,5836.0,293,5838.0,99,5840.0,75,5830.0
TA501,,13:42:39.750#,5848.0,5860.0,5804.0,6200.0,5496.0,96785,327509,5822.0,80,5824.0,100,5826.0,135,5828.0,145,5830.0,23,5832.0,280,5834.0,83,5836.0,293,5838.0,99,5840.0,75,5830.0
TA501,,13:42:40.0#,5848.0,5860.0,5804.0,6200.0,5496.0,96797,327510,5822.0,80,5824.0,100,5826.0,135,5828.0,145,5830.0,2,5832.0,280,5834.0,83,5836.0,293,5838.0,99,5840.0,75,5830.0
TA501,,13:42:40.250#,5848.0,5860.0,5804.0,6200.0,5496.0,96799,327509,5820.0,104,5822.0,80,5824.0,100,5826.0,135,5828.0,208,5830.0,3,5832.0,202,5834.0,83,5836.0,293,5838.0,99,5830.0
TA501,,13:42:40.500#,5848.0,5860.0,5804.0,6200.0,5496.0,96800,327508,5820.0,104,5822.0,80,5824.0,100,5826.0,135,5828.0,244,5830.0,2,5832.0,204,5834.0,83,5836.0,293,5838.0,99,5830.0
TA501,,13:42:40.750#,5848.0,5860.0,5804.0,6200.0,5496.0,96800,327508,5820.0,104,5822.0,80,5824.0,100,5826.0,135,5828.0,257,5830.0,2,5832.0,204,5834.0,83,5836.0,293,5838.0,99,5830.0
TA501,,13:42:41.0#,5848.0,5860.0,5804.0,6200.0,5496.0,96800,327508,5820.0,104,5822.0,80,5824.0,100,5826.0,135,5828.0,365,5830.0,2,5832.0,204,5834.0,83,5836.0,293,5838.0,99,5830.0
TA501,,13:42:41.250#,5848.0,5860.0,5804.0,6200.0,5496.0,96800,327508,5820.0,104,5822.0,80,5824.0,100,5826.0,135,5828.0,297,5830.0,2,5832.0,204,5834.0,83,5836.0,293,5838.0,99,5830.0
TA501,,13:42:41.500#,5848.0,5860.0,5804.0,6200.0,5496.0,96802,327506,5820.0,104,5822.0,80,5824.0,100,5826.0,135,5828.0,273,5832.0,272,5834.0,83,5836.0,293,5838.0,99,5840.0,75,5830.0
TA501,,13:42:41.750#,5848.0,5860.0,5804.0,6200.0,5496.0,96802,327506,5820.0,104,5822.0,80,5824.0,100,5826.0,135,5828.0,267,5830.0,1,5832.0,204,5834.0,83,5836.0,293,5838.0,99,5830.0
TA501,,13:42:42.250#,5848.0,5860.0,5804.0,6200.0,5496.0,96802,327506,5820.0,104,5822.0,80,5824.0,100,5826.0,135,5828.0,265,5830.0,1,5832.0,204,5834.0,83,5836.0,293,5838.0,99,5830.0
TA501,,13:42:42.500#,5848.0,5860.0,5804.0,6200.0,5496.0,96802,327506,5820.0,104,5822.0,80,5824.0,100,5826.0,135,5828.0,260,5830.0,21,5832.0,204,5834.0,83,5836.0,293,5838.0,99,5830.0
TA501,,13:42:42.750#,5848.0,5860.0,5804.0,6200.0,5496.0,96803,327505,5820.0,104,5822.0,80,5824.0,100,5826.0,135,5828.0,240,5830.0,23,5832.0,204,5834.0,83,5836.0,293,5838.0,99,5828.0
TA501,,13:42:43.0#,5848.0,5860.0,5804.0,6200.0,5496.0,96803,327505,5820.0,104,5822.0,80,5824.0,100,5826.0,135,5828.0,207,5830.0,45,5832.0,204,5834.0,83,5836.0,293,5838.0,99,5828.0
TA501,,13:42:43.500#,5848.0,5860.0,5804.0,6200.0,5496.0,96803,327505,5820.0,104,5822.0,80,5824.0,100,5826.0,135,5828.0,205,5830.0,75,5832.0,204,5834.0,83,5836.0,293,5838.0,99,5828.0
TA501,,13:42:44.750#,5848.0,5860.0,5804.0,6200.0,5496.0,96804,327505,5820.0,104,5822.0,80,5824.0,100,5826.0,135,5828.0,204,5830.0,76,5832.0,204,5834.0,83,5836.0,293,5838.0,99,5828.0
TA501,,13:42:45.0#,5848.0,5860.0,5804.0,6200.0,5496.0,96804,327505,5820.0,104,5822.0,80,5824.0,100,5826.0,135,5828.0,204,5830.0,76,5832.0,204,5834.0,83,5836.0,293,5838.0,99,5828.0
TA501,,13:42:46.0#,5848.0,5860.0,5804.0,6200.0,5496.0,96804,327505,5820.0,104,5822.0,80,5824.0,100,5826.0,135,5828.0,204,5830.0,76,5832.0,204,5834.0,83,5836.0,293,5838.0,99,5828.0
TA501,,13:42:46.500#,5848.0,5860.0,5804.0,6200.0,5496.0,96804,327505,5820.0,104,5822.0,80,5824.0,100,5826.0,135,5828.0,205,5830.0,76,5832.0,204,5834.0,83,5836.0,293,5838.0,99,5828.0
TA501,,13:42:47.0#,5848.0,5860.0,5804.0,6200.0,5496.0,96804,327505,5820.0,104,5822.0,80,5824.0,100,5826.0,135,5828.0,205,5830.0,77,5832.0,204,5834.0,83,5836.0,293,5838.0,99,5828.0
TA501,,13:42:49.500#,5848.0,5860.0,5804.0,6200.0,5496.0,96804,327505,5820.0,104,5822.0,80,5824.0,100,5826.0,135,5828.0,205,5830.0,77,5832.0,205,5834.0,83,5836.0,293,5838.0,99,5828.0
TA501,,13:42:50.0#,5848.0,5860.0,5804.0,6200.0,5496.0,96804,327505,5820.0,104,5822.0,80,5824.0,100,5826.0,135,5828.0,198,5830.0,77,5832.0,205,5834.0,83,5836.0,293,5838.0,99,5828.0
TA501,,13:42:50.250#,5848.0,5860.0,5804.0,6200.0,5496.0,96804,327505,5820.0,104,5822.0,80,5824.0,100,5826.0,135,5828.0,198,5830.0,78,5832.0,205,5834.0,83,5836.0,293,5838.0,99,5828.0
TA501,,13:42:50.500#,5848.0,5860.0,5804.0,6200.0,5496.0,96804,327505,5820.0,104,5822.0,80,5824.0,100,5826.0,135,5828.0,187,5830.0,78,5832.0,205,5834.0,83,5836.0,293,5838.0,99,5828.0
TA501,,13:42:50.750#,5848.0,5860.0,5804.0,6200.0,5496.0,96804,327505,5820.0,104,5822.0,80,5824.0,100,5826.0,135,5828.0,169,5830.0,78,5832.0,205,5834.0,83,5836.0,293,5838.0,99,5828.0
TA501,,13:42:51.0#,5848.0,5860.0,5804.0,6200.0,5496.0,96804,327505,5820.0,104,5822.0,80,5824.0,100,5826.0,135,5828.0,168,5830.0,78,5832.0,205,5834.0,83,5836.0,293,5838.0,99,5828.0
TA501,,13:42:52.500#,5848.0,5860.0,5804.0,6200.0,5496.0,96804,327505,5820.0,104,5822.0,80,5824.0,100,5826.0,135,5828.0,169,5830.0,78,5832.0,205,5834.0,83,5836.0,293,5838.0,99,5828.0
TA501,,13:42:53.500#,5848.0,5860.0,5804.0,6200.0,5496.0,96804,327505,5820.0,104,5822.0,80,5824.0,100,5826.0,135,5828.0,169,5830.0,100,5832.0,205,5834.0,83,5836.0,293,5838.0,99,5828.0
TA501,,13:42:56.500#,5848.0,5860.0,5804.0,6200.0,5496.0,96804,327505,5820.0,104,5822.0,79,5824.0,101,5826.0,135,5828.0,169,5830.0,100,5832.0,205,5834.0,83,5836.0,293,5838.0,99,5828.0
TA501,,13:42:58.500#,5848.0,5860.0,5804.0,6200.0,5496.0,96804,327505,5820.0,104,5822.0,79,5824.0,101,5826.0,135,5828.0,170,5830.0,100,5832.0,205,5834.0,83,5836.0,293,5838.0,99,5828.0
TA501,,13:42:59.750#,5848.0,5860.0,5804.0,6200.0,5496.0,96804,327505,5820.0,104,5822.0,79,5824.0,101,5826.0,135,5828.0,160,5830.0,100,5832.0,205,5834.0,83,5836.0,293,5838.0,99,5828.0
TA501,,13:43:00.0#,5848.0,5860.0,5804.0,6200.0,5496.0,96804,327505,5820.0,104,5822.0,79,5824.0,101,5826.0,135,5828.0,159,5830.0,100,5832.0,205,5834.0,83,5836.0,293,5838.0,99,5828.0
TA501,,13:43:00.250#,5848.0,5860.0,5804.0,6200.0,5496.0,96804,327505,5820.0,104,5822.0,79,5824.0,101,5826.0,135,5828.0,139,5830.0,100,5832.0,205,5834.0,83,5836.0,293,5838.0,99,5828.0
TA501,,13:43:00.500#,5848.0,5860.0,5804.0,6200.0,5496.0,96804,327505,5820.0,104,5822.0,79,5824.0,101,5826.0,135,5828.0,138,5830.0,100,5832.0,205,5834.0,83,5836.0,293,5838.0,99,5828.0
TA501,,13:43:00.750#,5848.0,5860.0,5804.0,6200.0,5496.0,96804,327505,5820.0,104,5822.0,79,5824.0,101,5826.0,135,5828.0,137,5830.0,100,5832.0,205,5834.0,83,5836.0,293,5838.0,99,5828.0
TA501,,13:43:01.500#,5848.0,5860.0,5804.0,6200.0,5496.0,96804,327505,5820.0,104,5822.0,79,5824.0,101,5826.0,135,5828.0,137,5830.0,129,5832.0,205,5834.0,83,5836.0,293,5838.0,99,5828.0
TA501,,13:43:01.750#,5848.0,5860.0,5804.0,6200.0,5496.0,96939,327486,5818.0,142,5820.0,104,5822.0,79,5824.0,103,5826.0,467,5830.0,131,5832.0,207,5834.0,83,5836.0,293,5838.0,99,5828.0
TA501,,13:43:02.0#,5848.0,5860.0,5804.0,6200.0,5496.0,96939,327486,5818.0,147,5820.0,104,5822.0,79,5824.0,103,5826.0,469,5830.0,142,5832.0,207,5834.0,83,5836.0,293,5838.0,99,5828.0
TA501,,13:43:02.500#,5848.0,5860.0,5804.0,6200.0,5496.0,96939,327486,5818.0,147,5820.0,104,5822.0,79,5824.0,103,5826.0,141,5828.0,40,5830.0,136,5832.0,207,5834.0,83,5836.0,293,5828.0
TA501,,13:43:02.750#,5848.0,5860.0,5804.0,6200.0,5496.0,96939,327486,5818.0,147,5820.0,104,5822.0,79,5824.0,102,5826.0,92,5828.0,43,5830.0,132,5832.0,207,5834.0,96,5836.0,292,5828.0
TA501,,13:43:03.0#,5848.0,5860.0,5804.0,6200.0,5496.0,96939,327486,5818.0,147,5820.0,105,5822.0,79,5824.0,102,5826.0,91,5828.0,27,5830.0,132,5832.0,208,5834.0,96,5836.0,292,5828.0
TA501,,13:43:03.250#,5848.0,5860.0,5804.0,6200.0,5496.0,96939,327486,5818.0,147,5820.0,105,5822.0,79,5824.0,102,5826.0,94,5828.0,26,5830.0,132,5832.0,208,5834.0,97,5836.0,292,5828.0
TA501,,13:43:03.500#,5848.0,5860.0,5804.0,6200.0,5496.0,96959,327486,5818.0,147,5820.0,105,5822.0,79,5824.0,102,5826.0,216,5828.0,8,5830.0,142,5832.0,208,5834.0,97,5836.0,292,5828.0
TA501,,13:43:03.750#,5848.0,5860.0,5804.0,6200.0,5496.0,96963,327486,5820.0,104,5822.0,79,5824.0,102,5826.0,142,5828.0,16,5830.0,226,5832.0,208,5834.0,97,5836.0,292,5838.0,99,5828.0
TA501,,13:43:04.0#,5848.0,5860.0,5804.0,6200.0,5496.0,96963,327486,5820.0,104,5822.0,80,5824.0,102,5826.0,144,5828.0,16,5830.0,216,5832.0,208,5834.0,97,5836.0,292,5838.0,99,5828.0
TA501,,13:43:04.500#,5848.0,5860.0,5804.0,6200.0,5496.0,96971,327486,5820.0,104,5822.0,80,5824.0,102,5826.0,144,5828.0,9,5830.0,283,5832.0,206,5834.0,86,5836.0,292,5838.0,99,5828.0
TA501,,13:43:05.0#,5848.0,5860.0,5804.0,6200.0,5496.0,96971,327486,5820.0,104,5822.0,80,5824.0,102,5826.0,144,5828.0,15,5830.0,281,5832.0,206,5834.0,86,5836.0,292,5838.0,99,5828.0
TA501,,13:43:05.250#,5848.0,5860.0,5804.0,6200.0,5496.0,96972,327486,5820.0,104,5822.0,80,5824.0,102,5826.0,144,5828.0,14,5830.0,281,5832.0,206,5834.0,86,5836.0,292,5838.0,99,5828.0
TA501,,13:43:05.500#,5848.0,5860.0,5804.0,6200.0,5496.0,96973,327486,5820.0,104,5822.0,80,5824.0,102,5826.0,144,5828.0,8,5830.0,270,5832.0,206,5834.0,86,5836.0,292,5838.0,99,5830.0
TA501,,13:43:05.750#,5848.0,5860.0,5804.0,6200.0,5496.0,96996,327486,5820.0,104,5822.0,80,5824.0,102,5826.0,144,5828.0,11,5830.0,256,5832.0,206,5834.0,86,5836.0,292,5838.0,99,5828.0
TA501,,13:43:06.0#,5848.0,5860.0,5804.0,6200.0,5496.0,97007,327475,5820.0,104,5822.0,80,5824.0,102,5826.0,144,5828.0,20,5830.0,271,5832.0,206,5834.0,86,5836.0,292,5838.0,99,5828.0
TA501,,13:43:06.250#,5848.0,5860.0,5804.0,6200.0,5496.0,97014,327475,5820.0,104,5822.0,80,5824.0,102,5826.0,144,5828.0,13,5830.0,271,5832.0,206,5834.0,86,5836.0,292,5838.0,99,5828.0
TA501,,13:43:06.500#,5848.0,5860.0,5804.0,6200.0,5496.0,97014,327475,5818.0,147,5820.0,104,5822.0,80,5824.0,102,5826.0,162,5830.0,305,5832.0,128,5834.0,86,5836.0,292,5838.0,99,5828.0
TA501,,13:43:06.750#,5848.0,5860.0,5804.0,6200.0,5496.0,97014,327475,5818.0,147,5820.0,104,5822.0,80,5824.0,102,5826.0,146,5828.0,2,5830.0,218,5832.0,128,5834.0,85,5836.0,292,5828.0
TA501,,13:43:07.0#,5848.0,5860.0,5804.0,6200.0,5496.0,97014,327475,5818.0,147,5820.0,104,5822.0,80,5824.0,102,5826.0,144,5828.0,22,5830.0,220,5832.0,128,5834.0,97,5836.0,292,5828.0
TA501,,13:43:07.250#,5848.0,5860.0,5804.0,6200.0,5496.0,97014,327475,5818.0,147,5820.0,104,5822.0,80,5824.0,102,5826.0,142,5828.0,24,5830.0,220,5832.0,128,5834.0,97,5836.0,292,5828.0
TA501,,13:43:07.750#,5848.0,5860.0,5804.0,6200.0,5496.0,97024,327475,5818.0,147,5820.0,104,5822.0,80,5824.0,102,5826.0,132,5828.0,24,5830.0,220,5832.0,128,5834.0,97,5836.0,292,5826.0
TA501,,13:43:08.250#,5848.0,5860.0,5804.0,6200.0,5496.0,97024,327475,5818.0,147,5820.0,104,5822.0,80,5824.0,102,5826.0,104,5828.0,24,5830.0,220,5832.0,128,5834.0,97,5836.0,292,5826.0
TA501,,13:43:08.500#,5848.0,5860.0,5804.0,6200.0,5496.0,97024,327475,5818.0,147,5820.0,104,5822.0,80,5824.0,102,5826.0,104,5828.0,26,5830.0,220,5832.0,128,5834.0,97,5836.0,292,5826.0
TA501,,13:43:09.0#,5848.0,5860.0,5804.0,6200.0,5496.0,97024,327475,5818.0,147,5820.0,104,5822.0,80,5824.0,102,5826.0,104,5828.0,27,5830.0,220,5832.0,128,5834.0,97,5836.0,292,5826.0
TA501,,13:43:09.250#,5848.0,5860.0,5804.0,6200.0,5496.0,97054,327479,5818.0,147,5820.0,104,5822.0,80,5824.0,102,5826.0,74,5828.0,29,5830.0,220,5832.0,128,5834.0,97,5836.0,292,5826.0
TA501,,13:43:09.500#,5848.0,5860.0,5804.0,6200.0,5496.0,97054,327479,5818.0,147,5820.0,104,5822.0,80,5824.0,102,5826.0,94,5828.0,40,5830.0,220,5832.0,128,5834.0,97,5836.0,292,5826.0
TA501,,13:43:09.750#,5848.0,5860.0,5804.0,6200.0,5496.0,97054,327479,5818.0,147,5820.0,104,5822.0,80,5824.0,102,5826.0,94,5828.0,51,5830.0,220,5832.0,128,5834.0,97,5836.0,292,5826.0
TA501,,13:43:10.0#,5848.0,5860.0,5804.0,6200.0,5496.0,97054,327479,5818.0,147,5820.0,104,5822.0,80,5824.0,102,5826.0,94,5828.0,51,5830.0,220,5832.0,128,5834.0,97,5836.0,292,5826.0
TA501,,13:43:10.500#,5848.0,5860.0,5804.0,6200.0,5496.0,97054,327479,5818.0,147,5820.0,104,5822.0,80,5824.0,102,5826.0,95,5828.0,51,5830.0,220,5832.0,128,5834.0,97,5836.0,292,5826.0
TA501,,13:43:12.0#,5848.0,5860.0,5804.0,6200.0,5496.0,97084,327492,5818.0,147,5820.0,104,5822.0,95,5824.0,102,5826.0,70,5828.0,51,5830.0,220,5832.0,128,5834.0,97,5836.0,292,5826.0
TA501,,13:43:12.250#,5848.0,5860.0,5804.0,6200.0,5496.0,97084,327492,5818.0,147,5820.0,104,5822.0,95,5824.0,102,5826.0,70,5828.0,51,5830.0,210,5832.0,128,5834.0,97,5836.0,292,5826.0
TA501,,13:43:12.500#,5848.0,5860.0,5804.0,6200.0,5496.0,97084,327492,5818.0,147,5820.0,104,5822.0,95,5824.0,102,5826.0,70,5828.0,61,5830.0,210,5832.0,128,5834.0,97,5836.0,292,5826.0
TA501,,13:43:13.250#,5848.0,5860.0,5804.0,6200.0,5496.0,97084,327492,5818.0,147,5820.0,104,5822.0,95,5824.0,102,5826.0,70,5828.0,62,5830.0,210,5832.0,128,5834.0,97,5836.0,292,5826.0
TA501,,13:43:14.0#,5848.0,5860.0,5804.0,6200.0,5496.0,97181,327589,5818.0,147,5820.0,104,5822.0,95,5824.0,102,5826.0,70,5828.0,166,5830.0,210,5832.0,128,5834.0,97,5836.0,292,5826.0
TA501,,13:43:14.250#,5848.0,5860.0,5804.0,6200.0,5496.0,97218,327623,5818.0,147,5820.0,104,5822.0,95,5824.0,102,5826.0,26,5828.0,158,5830.0,206,5832.0,128,5834.0,97,5836.0,292,5826.0
TA501,,13:43:14.500#,5848.0,5860.0,5804.0,6200.0,5496.0,97218,327623,5818.0,147,5820.0,104,5822.0,95,5824.0,102,5826.0,36,5828.0,159,5830.0,206,5832.0,128,5834.0,97,5836.0,292,5826.0
TA501,,13:43:14.750#,5848.0,5860.0,5804.0,6200.0,5496.0,97218,327623,5818.0,147,5820.0,104,5822.0,95,5824.0,102,5826.0,39,5828.0,160,5830.0,206,5832.0,128,5834.0,97,5836.0,292,5826.0
TA501,,13:43:15.0#,5848.0,5860.0,5804.0,6200.0,5496.0,97218,327623,5818.0,147,5820.0,104,5822.0,95,5824.0,102,5826.0,45,5828.0,164,5830.0,206,5832.0,128,5834.0,97,5836.0,292,5826.0
TA501,,13:43:15.250#,5848.0,5860.0,5804.0,6200.0,5496.0,97218,327623,5818.0,147,5820.0,104,5822.0,95,5824.0,102,5826.0,46,5828.0,164,5830.0,206,5832.0,128,5834.0,97,5836.0,292,5826.0
TA501,,13:43:15.750#,5848.0,5860.0,5804.0,6200.0,5496.0,97225,327620,5818.0,147,5820.0,104,5822.0,95,5824.0,102,5826.0,39,5828.0,164,5830.0,206,5832.0,128,5834.0,97,5836.0,292,5826.0
TA501,,13:43:16.0#,5848.0,5860.0,5804.0,6200.0,5496.0,97225,327620,5818.0,147,5820.0,104,5822.0,95,5824.0,102,5826.0,41,5828.0,164,5830.0,206,5832.0,128,5834.0,97,5836.0,292,5826.0
TA501,,13:43:16.500#,5848.0,5860.0,5804.0,6200.0,5496.0,97255,327632,5818.0,147,5820.0,104,5822.0,95,5824.0,102,5826.0,42,5828.0,164,5830.0,206,5832.0,128,5834.0,97,5836.0,292,5826.0
TA501,,13:43:16.750#,5848.0,5860.0,5804.0,6200.0,5496.0,97255,327632,5818.0,147,5820.0,104,5822.0,95,5824.0,102,5826.0,47,5828.0,164,5830.0,206,5832.0,128,5834.0,97,5836.0,292,5826.0
TA501,,13:43:17.0#,5848.0,5860.0,5804.0,6200.0,5496.0,97255,327632,5818.0,147,5820.0,104,5822.0,94,5824.0,102,5826.0,47,5828.0,164,5830.0,206,5832.0,128,5834.0,97,5836.0,292,5826.0
TA501,,13:43:18.500#,5848.0,5860.0,5804.0,6200.0,5496.0,97285,327640,5818.0,147,5820.0,104,5822.0,94,5824.0,102,5826.0,29,5828.0,164,5830.0,206,5832.0,128,5834.0,97,5836.0,292,5826.0
TA501,,13:43:20.250#,5848.0,5860.0,5804.0,6200.0,5496.0,97314,327655,5818.0,147,5820.0,104,5822.0,94,5824.0,103,5826.0,20,5828.0,165,5830.0,206,5832.0,128,5834.0,97,5836.0,292,5826.0
TA501,,13:43:20.500#,5848.0,5860.0,5804.0,6200.0,5496.0,97314,327655,5818.0,147,5820.0,104,5822.0,94,5824.0,103,5826.0,36,5828.0,165,5830.0,206,5832.0,128,5834.0,97,5836.0,292,5826.0
TA501,,13:43:20.750#,5848.0,5860.0,5804.0,6200.0,5496.0,97315,327655,5818.0,147,5820.0,104,5822.0,94,5824.0,103,5826.0,40,5828.0,165,5830.0,206,5832.0,128,5834.0,97,5836.0,292,5826.0
TA501,,13:43:22.250#,5848.0,5860.0,5804.0,6200.0,5496.0,97315,327655,5818.0,147,5820.0,104,5822.0,94,5824.0,103,5826.0,40,5828.0,165,5830.0,206,5832.0,129,5834.0,97,5836.0,292,5826.0
TA501,,13:43:22.500#,5848.0,5860.0,5804.0,6200.0,5496.0,97315,327655,5818.0,147,5820.0,104,5822.0,94,5824.0,103,5826.0,41,5828.0,165,5830.0,206,5832.0,129,5834.0,97,5836.0,292,5826.0
TA501,,13:43:22.750#,5848.0,5860.0,5804.0,6200.0,5496.0,97345,327660,5818.0,147,5820.0,104,5822.0,94,5824.0,103,5826.0,31,5828.0,165,5830.0,206,5832.0,129,5834.0,97,5836.0,292,5826.0
TA501,,13:43:23.0#,5848.0,5860.0,5804.0,6200.0,5496.0,97345,327660,5818.0,147,5820.0,104,5822.0,94,5824.0,103,5826.0,36,5828.0,165,5830.0,206,5832.0,129,5834.0,97,5836.0,293,5826.0
TA501,,13:43:23.250#,5848.0,5860.0,5804.0,6200.0,5496.0,97345,327660,5818.0,147,5820.0,104,5822.0,94,5824.0,103,5826.0,40,5828.0,165,5830.0,206,5832.0,129,5834.0,97,5836.0,293,5826.0
TA501,,13:43:23.500#,5848.0,5860.0,5804.0,6200.0,5496.0,97345,327660,5818.0,146,5820.0,104,5822.0,94,5824.0,103,5826.0,40,5828.0,165,5830.0,206,5832.0,129,5834.0,97,5836.0,293,5826.0
TA501,,13:43:23.750#,5848.0,5860.0,5804.0,6200.0,5496.0,97345,327660,5818.0,146,5820.0,104,5822.0,94,5824.0,104,5826.0,40,5828.0,165,5830.0,206,5832.0,129,5834.0,97,5836.0,293,5826.0
TA501,,13:43:24.0#,5848.0,5860.0,5804.0,6200.0,5496.0,97345,327660,5818.0,146,5820.0,104,5822.0,94,5824.0,104,5826.0,36,5828.0,165,5830.0,206,5832.0,129,5834.0,97,5836.0,293,5826.0
TA501,,13:43:25.250#,5848.0,5860.0,5804.0,6200.0,5496.0,97375,327670,5818.0,146,5820.0,104,5822.0,94,5824.0,104,5826.0,6,5828.0,165,5830.0,206,5832.0,129,5834.0,97,5836.0,293,5826.0
TA501,,13:43:25.500#,5848.0,5860.0,5804.0,6200.0,5496.0,97375,327670,5818.0,146,5820.0,104,5822.0,94,5824.0,104,5826.0,28,5828.0,165,5830.0,206,5832.0,129,5834.0,97,5836.0,293,5826.0
TA501,,13:43:25.750#,5848.0,5860.0,5804.0,6200.0,5496.0,97384,327666,5818.0,146,5820.0,104,5822.0,94,5824.0,104,5826.0,28,5828.0,165,5830.0,206,5832.0,129,5834.0,97,5836.0,293,5826.0
TA501,,13:43:26.0#,5848.0,5860.0,5804.0,6200.0,5496.0,97384,327666,5818.0,146,5820.0,104,5822.0,94,5824.0,104,5826.0,33,5828.0,165,5830.0,206,5832.0,130,5834.0,97,5836.0,293,5826.0
TA501,,13:43:26.500#,5848.0,5860.0,5804.0,6200.0,5496.0,97384,327666,5818.0,146,5820.0,104,5822.0,94,5824.0,104,5826.0,34,5828.0,165,5830.0,206,5832.0,130,5834.0,97,5836.0,293,5826.0
TA501,,13:43:27.250#,5848.0,5860.0,5804.0,6200.0,5496.0,97414,327689,5818.0,146,5820.0,104,5822.0,94,5824.0,104,5826.0,14,5828.0,165,5830.0,206,5832.0,130,5834.0,97,5836.0,293,5826.0
TA501,,13:43:27.500#,5848.0,5860.0,5804.0,6200.0,5496.0,97414,327689,5818.0,146,5820.0,104,5822.0,94,5824.0,104,5826.0,46,5828.0,165,5830.0,206,5832.0,130,5834.0,97,5836.0,293,5826.0
TA501,,13:43:27.750#,5848.0,5860.0,5804.0,6200.0,5496.0,97414,327689,5818.0,146,5820.0,104,5822.0,94,5824.0,104,5826.0,51,5828.0,165,5830.0,206,5832.0,130,5834.0,97,5836.0,293,5826.0
TA501,,13:43:28.0#,5848.0,5860.0,5804.0,6200.0,5496.0,97414,327689,5818.0,146,5820.0,104,5822.0,94,5824.0,105,5826.0,56,5828.0,165,5830.0,206,5832.0,130,5834.0,97,5836.0,293,5826.0
TA501,,13:43:28.250#,5848.0,5860.0,5804.0,6200.0,5496.0,97414,327689,5818.0,146,5820.0,104,5822.0,94,5824.0,105,5826.0,57,5828.0,165,5830.0,206,5832.0,130,5834.0,97,5836.0,293,5826.0
TA501,,13:43:28.500#,5848.0,5860.0,5804.0,6200.0,5496.0,97414,327689,5818.0,146,5820.0,104,5822.0,94,5824.0,105,5826.0,53,5828.0,165,5830.0,206,5832.0,130,5834.0,97,5836.0,293,5826.0
TA501,,13:43:28.750#,5848.0,5860.0,5804.0,6200.0,5496.0,97414,327689,5818.0,146,5820.0,104,5822.0,94,5824.0,105,5826.0,52,5828.0,165,5830.0,206,5832.0,130,5834.0,97,5836.0,293,5826.0
TA501,,13:43:29.250#,5848.0,5860.0,5804.0,6200.0,5496.0,97414,327689,5818.0,146,5820.0,104,5822.0,94,5824.0,105,5826.0,47,5828.0,165,5830.0,206,5832.0,130,5834.0,97,5836.0,293,5826.0
TA501,,13:43:30.0#,5848.0,5860.0,5804.0,6200.0,5496.0,97415,327689,5818.0,146,5820.0,104,5822.0,94,5824.0,105,5826.0,47,5828.0,165,5830.0,206,5832.0,130,5834.0,97,5836.0,293,5828.0
TA501,,13:43:30.750#,5848.0,5860.0,5804.0,6200.0,5496.0,97415,327689,5818.0,146,5820.0,104,5822.0,94,5824.0,105,5826.0,47,5828.0,165,5830.0,206,5832.0,130,5834.0,98,5836.0,293,5828.0
TA501,,13:43:33.250#,5848.0,5860.0,5804.0,6200.0,5496.0,97415,327689,5818.0,146,5820.0,104,5822.0,94,5824.0,105,5826.0,47,5828.0,165,5830.0,206,5832.0,130,5834.0,98,5836.0,293,5828.0
TA501,,13:43:33.500#,5848.0,5860.0,5804.0,6200.0,5496.0,97415,327689,5818.0,146,5820.0,106,5822.0,94,5824.0,105,5826.0,47,5828.0,165,5830.0,206,5832.0,130,5834.0,98,5836.0,293,5828.0
TA501,,13:43:34.500#,5848.0,5860.0,5804.0,6200.0,5496.0,97415,327689,5818.0,146,5820.0,106,5822.0,94,5824.0,105,5826.0,48,5828.0,269,5830.0,206,5832.0,130,5834.0,98,5836.0,293,5828.0
TA501,,13:43:36.500#,5848.0,5860.0,5804.0,6200.0,5496.0,97415,327689,5818.0,146,5820.0,106,5822.0,94,5824.0,105,5826.0,48,5828.0,269,5830.0,131,5832.0,130,5834.0,98,5836.0,293,5828.0
TA501,,13:43:36.750#,5848.0,5860.0,5804.0,6200.0,5496.0,97415,327689,5818.0,146,5820.0,106,5822.0,94,5824.0,105,5826.0,82,5828.0,269,5830.0,131,5832.0,130,5834.0,98,5836.0,293,5828.0
TA501,,13:43:37.0#,5848.0,5860.0,5804.0,6200.0,5496.0,97415,327689,5818.0,146,5820.0,106,5822.0,94,5824.0,105,5826.0,181,5828.0,267,5830.0,131,5832.0,130,5834.0,98,5836.0,293,5828.0
TA501,,13:43:37.250#,5848.0,5860.0,5804.0,6200.0,5496.0,97415,327689,5818.0,146,5820.0,106,5822.0,94,5824.0,105,5826.0,205,5828.0,227,5830.0,130,5832.0,131,5834.0,98,5836.0,293,5828.0
TA501,,13:43:37.500#,5848.0,5860.0,5804.0,6200.0,5496.0,97415,327689,5818.0,146,5820.0,106,5822.0,94,5824.0,105,5826.0,221,5828.0,226,5830.0,130,5832.0,132,5834.0,98,5836.0,293,5828.0
TA501,,13:43:37.750#,5848.0,5860.0,5804.0,6200.0,5496.0,97415,327689,5818.0,146,5820.0,106,5822.0,94,5824.0,105,5826.0,257,5828.0,226,5830.0,130,5832.0,132,5834.0,98,5836.0,294,5828.0
TA501,,13:43:38.0#,5848.0,5860.0,5804.0,6200.0,5496.0,97415,327689,5818.0,146,5820.0,106,5822.0,94,5824.0,105,5826.0,261,5828.0,200,5830.0,130,5832.0,132,5834.0,98,5836.0,294,5828.0
TA501,,13:43:38.500#,5848.0,5860.0,5804.0,6200.0,5496.0,97415,327689,5818.0,146,5820.0,106,5822.0,94,5824.0,105,5826.0,241,5828.0,205,5830.0,130,5832.0,132,5834.0,98,5836.0,294,5828.0
TA501,,13:43:39.250#,5848.0,5860.0,5804.0,6200.0,5496.0,97415,327689,5818.0,146,5820.0,106,5822.0,94,5824.0,105,5826.0,242,5828.0,235,5830.0,130,5832.0,132,5834.0,98,5836.0,294,5828.0
TA501,,13:43:39.500#,5848.0,5860.0,5804.0,6200.0,5496.0,97415,327689,5818.0,146,5820.0,106,5822.0,94,5824.0,105,5826.0,244,5828.0,235,5830.0,130,5832.0,132,5834.0,98,5836.0,294,5828.0
TA501,,13:43:39.750#,5848.0,5860.0,5804.0,6200.0,5496.0,97415,327689,5818.0,146,5820.0,106,5822.0,94,5824.0,105,5826.0,243,5828.0,235,5830.0,130,5832.0,132,5834.0,98,5836.0,294,5828.0
TA501,,13:43:40.0#,5848.0,5860.0,5804.0,6200.0,5496.0,97415,327689,5818.0,146,5820.0,106,5822.0,94,5824.0,105,5826.0,228,5828.0,235,5830.0,130,5832.0,132,5834.0,98,5836.0,294,5828.0
TA501,,13:43:40.500#,5848.0,5860.0,5804.0,6200.0,5496.0,97415,327689,5818.0,146,5820.0,106,5822.0,94,5824.0,105,5826.0,231,5828.0,235,5830.0,130,5832.0,132,5834.0,98,5836.0,294,5828.0
TA501,,13:43:41.500#,5848.0,5860.0,5804.0,6200.0,5496.0,97415,327689,5818.0,146,5820.0,106,5822.0,94,5824.0,105,5826.0,232,5828.0,235,5830.0,130,5832.0,132,5834.0,98,5836.0,294,5828.0
TA501,,13:43:41.750#,5848.0,5860.0,5804.0,6200.0,5496.0,97415,327689,5818.0,146,5820.0,106,5822.0,94,5824.0,105,5826.0,262,5828.0,235,5830.0,130,5832.0,132,5834.0,98,5836.0,294,5828.0
TA501,,13:43:42.0#,5848.0,5860.0,5804.0,6200.0,5496.0,97415,327689,5818.0,146,5820.0,106,5822.0,94,5824.0,105,5826.0,263,5828.0,230,5830.0,130,5832.0,132,5834.0,98,5836.0,294,5828.0
TA501,,13:43:42.250#,5848.0,5860.0,5804.0,6200.0,5496.0,97415,327689,5818.0,146,5820.0,106,5822.0,94,5824.0,105,5826.0,283,5828.0,230,5830.0,130,5832.0,132,5834.0,98,5836.0,294,5828.0
TA501,,13:43:42.500#,5848.0,5860.0,5804.0,6200.0,5496.0,97415,327689,5818.0,146,5820.0,106,5822.0,94,5824.0,105,5826.0,314,5828.0,228,5830.0,130,5832.0,132,5834.0,98,5836.0,294,5828.0
TA501,,13:43:43.250#,5848.0,5860.0,5804.0,6200.0,5496.0,97415,327689,5818.0,146,5820.0,106,5822.0,94,5824.0,105,5826.0,319,5828.0,228,5830.0,130,5832.0,132,5834.0,98,5836.0,294,5828.0
TA501,,13:43:43.500#,5848.0,5860.0,5804.0,6200.0,5496.0,97415,327689,5818.0,146,5820.0,106,5822.0,94,5824.0,105,5826.0,320,5828.0,228,5830.0,130,5832.0,132,5834.0,98,5836.0,294,5828.0
TA501,,13:43:44.250#,5848.0,5860.0,5804.0,6200.0,5496.0,97415,327689,5818.0,146,5820.0,106,5822.0,94,5824.0,105,5826.0,290,5828.0,228,5830.0,130,5832.0,132,5834.0,98,5836.0,294,5828.0
TA501,,13:43:44.500#,5848.0,5860.0,5804.0,6200.0,5496.0,97415,327689,5818.0,146,5820.0,106,5822.0,94,5824.0,105,5826.0,291,5828.0,227,5830.0,130,5832.0,132,5834.0,98,5836.0,294,5828.0
TA501,,13:43:44.750#,5848.0,5860.0,5804.0,6200.0,5496.0,97415,327689,5818.0,146,5820.0,106,5822.0,94,5824.0,105,5826.0,291,5828.0,223,5830.0,130,5832.0,132,5834.0,98,5836.0,294,5828.0
TA501,,13:43:45.0#,5848.0,5860.0,5804.0,6200.0,5496.0,97415,327689,5818.0,146,5820.0,106,5822.0,94,5824.0,105,5826.0,291,5828.0,227,5830.0,130,5832.0,132,5834.0,98,5836.0,294,5828.0
TA501,,13:43:45.500#,5848.0,5860.0,5804.0,6200.0,5496.0,97415,327689,5818.0,146,5820.0,106,5822.0,94,5824.0,105,5826.0,292,5828.0,227,5830.0,130,5832.0,132,5834.0,98,5836.0,294,5828.0
TA501,,13:43:45.750#,5848.0,5860.0,5804.0,6200.0,5496.0,97415,327689,5818.0,146,5820.0,106,5822.0,94,5824.0,105,5826.0,262,5828.0,227,5830.0,130,5832.0,132,5834.0,98,5836.0,292,5828.0
TA501,,13:43:46.250#,5848.0,5860.0,5804.0,6200.0,5496.0,97415,327689,5818.0,146,5820.0,106,5822.0,94,5824.0,105,5826.0,262,5828.0,228,5830.0,130,5832.0,132,5834.0,98,5836.0,292,5828.0
TA501,,13:43:47.0#,5848.0,5860.0,5804.0,6200.0,5496.0,97415,327689,5818.0,146,5820.0,106,5822.0,94,5824.0,105,5826.0,264,5828.0,228,5830.0,130,5832.0,132,5834.0,98,5836.0,292,5828.0
TA501,,13:43:47.250#,5848.0,5860.0,5804.0,6200.0,5496.0,97415,327689,5818.0,146,5820.0,106,5822.0,94,5824.0,105,5826.0,280,5828.0,228,5830.0,130,5832.0,132,5834.0,98,5836.0,292,5828.0
TA501,,13:43:47.500#,5848.0,5860.0,5804.0,6200.0,5496.0,97415,327689,5818.0,146,5820.0,106,5822.0,94,5824.0,105,5826.0,310,5828.0,228,5830.0,130,5832.0,132,5834.0,98,5836.0,292,5828.0
TA501,,13:43:47.750#,5848.0,5860.0,5804.0,6200.0,5496.0,97415,327689,5818.0,146,5820.0,106,5822.0,94,5824.0,105,5826.0,322,5828.0,228,5830.0,130,5832.0,132,5834.0,98,5836.0,292,5828.0
TA501,,13:43:48.0#,5848.0,5860.0,5804.0,6200.0,5496.0,97415,327689,5818.0,146,5820.0,106,5822.0,94,5824.0,105,5826.0,357,5828.0,228,5830.0,130,5832.0,132,5834.0,98,5836.0,292,5828.0
TA501,,13:43:49.250#,5848.0,5860.0,5804.0,6200.0,5496.0,97416,327689,5818.0,146,5820.0,106,5822.0,94,5824.0,105,5826.0,357,5828.0,227,5830.0,130,5832.0,132,5834.0,98,5836.0,292,5828.0
TA501,,13:43:51.0#,5848.0,5860.0,5804.0,6200.0,5496.0,97416,327689,5818.0,146,5820.0,106,5822.0,94,5824.0,105,5826.0,346,5828.0,227,5830.0,130,5832.0,132,5834.0,98,5836.0,292,5828.0
TA501,,13:43:51.250#,5848.0,5860.0,5804.0,6200.0,5496.0,97416,327689,5818.0,146,5820.0,106,5822.0,94,5824.0,105,5826.0,347,5828.0,227,5830.0,130,5832.0,132,5834.0,98,5836.0,292,5828.0
TA501,,13:43:51.500#,5848.0,5860.0,5804.0,6200.0,5496.0,97416,327689,5818.0,146,5820.0,106,5822.0,94,5824.0,105,5826.0,345,5828.0,227,5830.0,130,5832.0,132,5834.0,98,5836.0,292,5828.0
TA501,,13:43:51.750#,5848.0,5860.0,5804.0,6200.0,5496.0,97422,327689,5818.0,146,5820.0,106,5822.0,94,5824.0,105,5826.0,345,5828.0,221,5830.0,130,5832.0,132,5834.0,98,5836.0,292,5828.0
TA501,,13:43:52.500#,5848.0,5860.0,5804.0,6200.0,5496.0,97422,327689,5818.0,146,5820.0,106,5822.0,94,5824.0,105,5826.0,348,5828.0,221,5830.0,130,5832.0,132,5834.0,98,5836.0,292,5828.0
TA501,,13:43:53.0#,5848.0,5860.0,5804.0,6200.0,5496.0,97422,327689,5818.0,146,5820.0,106,5822.0,94,5824.0,105,5826.0,351,5828.0,221,5830.0,130,5832.0,132,5834.0,98,5836.0,292,5828.0
TA501,,13:43:53.500#,5848.0,5860.0,5804.0,6200.0,5496.0,97422,327689,5818.0,146,5820.0,106,5822.0,94,5824.0,105,5826.0,382,5828.0,221,5830.0,130,5832.0,132,5834.0,98,5836.0,292,5828.0
TA501,,13:43:54.0#,5848.0,5860.0,5804.0,6200.0,5496.0,97422,327689,5818.0,146,5820.0,106,5822.0,94,5824.0,105,5826.0,381,5828.0,221,5830.0,130,5832.0,132,5834.0,98,5836.0,292,5828.0
TA501,,13:43:54.250#,5848.0,5860.0,5804.0,6200.0,5496.0,97422,327689,5818.0,146,5820.0,106,5822.0,124,5824.0,105,5826.0,381,5828.0,221,5830.0,130,5832.0,132,5834.0,98,5836.0,292,5828.0
TA501,,13:43:54.500#,5848.0,5860.0,5804.0,6200.0,5496.0,97422,327689,5818.0,146,5820.0,106,5822.0,124,5824.0,105,5826.0,382,5828.0,221,5830.0,130,5832.0,132,5834.0,98,5836.0,292,5828.0
