InstrumentId,ExchangeId,Datetime,OpenPrice,HighestPrice,LowestPrice,UpperLimitPrice,LowerLimitPrice,Volume,OpenInterest,BidPrice5,BidVolume5,BidPrice4,BidVolume4,BidPrice3,BidVolume3,BidPrice2,BidVolume2,BidPrice1,BidVolume1,AskPrice1,AskVolume1,AskPrice2,AskVolume2,AskPrice3,AskVolume3,AskPrice4,AskVolume4,AskPrice5,AskVolume5,LastPrice
TF2412,,13:38:34.800#,104.07,104.205,104.05,105.21,102.72,1079,11060,104.17,738,104.175,73,104.18,51,104.185,63,104.19,1,104.195,8,104.2,159,104.205,65,104.21,72,104.215,734,104.19
TF2412,,13:38:54.800#,104.07,104.205,104.05,105.21,102.72,1081,11062,104.17,738,104.175,73,104.18,51,104.185,63,104.19,1,104.195,6,104.2,159,104.205,65,104.21,72,104.215,734,104.195
TF2412,,13:38:58.300#,104.07,104.205,104.05,105.21,102.72,1084,11065,104.17,738,104.175,73,104.18,51,104.185,63,104.19,1,104.195,3,104.2,159,104.205,65,104.21,72,104.215,734,104.195
TF2412,,13:39:00.300#,104.07,104.205,104.05,105.21,102.72,1084,11065,104.17,738,104.175,73,104.18,51,104.185,63,104.19,1,104.195,6,104.2,159,104.205,65,104.21,72,104.215,734,104.195
TF2412,,13:39:02.300#,104.07,104.205,104.05,105.21,102.72,1084,11065,104.17,738,104.175,73,104.18,51,104.185,63,104.19,1,104.195,4,104.2,159,104.205,65,104.21,72,104.215,734,104.195
TF2412,,13:39:02.800#,104.07,104.205,104.05,105.21,102.72,1086,11067,104.17,738,104.175,73,104.18,51,104.185,63,104.19,1,104.195,1,104.2,159,104.205,65,104.21,72,104.215,734,104.195
TF2412,,13:39:03.300#,104.07,104.205,104.05,105.21,102.72,1089,11068,104.17,738,104.175,73,104.18,51,104.185,63,104.19,3,104.2,157,104.205,65,104.21,72,104.215,734,104.22,130,104.2
TF2412,,13:39:03.800#,104.07,104.205,104.05,105.21,102.72,1089,11068,104.17,738,104.175,68,104.18,51,104.185,68,104.19,3,104.2,102,104.205,70,104.21,47,104.215,247,104.22,677,104.2
TF2412,,13:39:04.300#,104.07,104.205,104.05,105.21,102.72,1089,11068,104.17,738,104.175,68,104.18,51,104.185,68,104.19,3,104.2,97,104.205,85,104.21,46,104.215,247,104.22,677,104.2
TF2412,,13:39:04.800#,104.07,104.205,104.05,105.21,102.72,1089,11068,104.175,68,104.18,51,104.185,68,104.19,7,104.195,5,104.2,95,104.205,85,104.21,46,104.215,247,104.22,677,104.2
TF2412,,13:39:05.300#,104.07,104.205,104.05,105.21,102.72,1089,11068,104.17,134,104.175,737,104.18,76,104.185,78,104.19,24,104.2,97,104.205,80,104.21,41,104.215,70,104.22,734,104.2
TF2412,,13:39:05.800#,104.07,104.205,104.05,105.21,102.72,1089,11068,104.17,738,104.175,68,104.18,46,104.185,63,104.19,13,104.2,97,104.205,85,104.21,46,104.215,247,104.22,677,104.2
TF2412,,13:39:06.300#,104.07,104.205,104.05,105.21,102.72,1089,11068,104.17,738,104.175,68,104.18,46,104.185,63,104.19,9,104.2,97,104.205,85,104.21,46,104.215,247,104.22,677,104.2
TF2412,,13:39:06.800#,104.07,104.205,104.05,105.21,102.72,1089,11068,104.17,738,104.175,68,104.18,51,104.185,63,104.19,9,104.2,97,104.205,85,104.21,46,104.215,247,104.22,677,104.2
TF2412,,13:39:14.800#,104.07,104.205,104.05,105.21,102.72,1089,11068,104.17,738,104.175,68,104.18,51,104.185,63,104.19,8,104.195,1,104.2,97,104.205,85,104.21,46,104.215,247,104.2
TF2412,,13:39:15.300#,104.07,104.205,104.05,105.21,102.72,1089,11068,104.17,738,104.175,73,104.18,52,104.185,58,104.19,8,104.195,3,104.2,152,104.205,71,104.21,71,104.215,734,104.2
TF2412,,13:39:15.800#,104.07,104.205,104.05,105.21,102.72,1089,11068,104.17,738,104.175,73,104.18,52,104.185,53,104.19,8,104.195,3,104.2,152,104.205,66,104.21,71,104.215,734,104.2
TF2412,,13:39:16.300#,104.07,104.205,104.05,105.21,102.72,1089,11068,104.17,738,104.175,73,104.18,52,104.185,58,104.19,8,104.195,3,104.2,157,104.205,66,104.21,71,104.215,734,104.2
TF2412,,13:39:25.800#,104.07,104.205,104.05,105.21,102.72,1089,11068,104.17,738,104.175,73,104.18,52,104.185,58,104.19,8,104.195,2,104.2,157,104.205,66,104.21,71,104.215,734,104.2
TF2412,,13:39:26.300#,104.07,104.205,104.05,105.21,102.72,1089,11068,104.17,738,104.175,73,104.18,52,104.185,58,104.19,8,104.195,1,104.2,157,104.205,66,104.21,71,104.215,734,104.2
TF2412,,13:39:27.300#,104.07,104.205,104.05,105.21,102.72,1089,11068,104.17,738,104.175,73,104.18,52,104.185,58,104.19,10,104.195,1,104.2,157,104.205,66,104.21,71,104.215,734,104.2
TF2412,,13:39:35.800#,104.07,104.205,104.05,105.21,102.72,1089,11068,104.17,738,104.175,73,104.18,52,104.185,58,104.19,10,104.195,2,104.2,157,104.205,66,104.21,71,104.215,734,104.2
TF2412,,13:39:36.300#,104.07,104.205,104.05,105.21,102.72,1089,11068,104.17,738,104.175,73,104.18,52,104.185,58,104.19,10,104.195,3,104.2,157,104.205,66,104.21,71,104.215,734,104.2
TF2412,,13:39:44.300#,104.07,104.205,104.05,105.21,102.72,1089,11068,104.17,738,104.175,73,104.18,52,104.185,58,104.19,10,104.195,1,104.2,157,104.205,66,104.21,71,104.215,734,104.2
TF2412,,13:39:46.800#,104.07,104.205,104.05,105.21,102.72,1089,11068,104.17,738,104.175,73,104.18,52,104.185,58,104.19,10,104.195,3,104.2,157,104.205,66,104.21,71,104.215,734,104.2
TF2412,,13:39:48.800#,104.07,104.205,104.05,105.21,102.72,1089,11068,104.17,738,104.175,73,104.18,52,104.185,58,104.19,10,104.195,5,104.2,157,104.205,66,104.21,71,104.215,734,104.2
TF2412,,13:39:52.800#,104.07,104.205,104.05,105.21,102.72,1089,11068,104.17,738,104.175,73,104.18,52,104.185,58,104.19,10,104.195,3,104.2,157,104.205,66,104.21,71,104.215,734,104.2
TF2412,,13:39:55.300#,104.07,104.205,104.05,105.21,102.72,1089,11068,104.17,738,104.175,73,104.18,52,104.185,58,104.19,10,104.195,78,104.2,157,104.205,66,104.21,71,104.215,734,104.2
TF2412,,13:40:16.300#,104.07,104.205,104.05,105.21,102.72,1089,11068,104.17,738,104.175,73,104.18,52,104.185,58,104.19,10,104.195,76,104.2,157,104.205,65,104.21,71,104.215,734,104.2
TF2412,,13:40:16.800#,104.07,104.205,104.05,105.21,102.72,1089,11068,104.17,738,104.175,73,104.18,51,104.185,53,104.19,10,104.195,80,104.2,152,104.205,65,104.21,71,104.215,734,104.2
TF2412,,13:40:17.300#,104.07,104.205,104.05,105.21,102.72,1089,11068,104.17,738,104.175,73,104.18,51,104.185,58,104.19,10,104.195,75,104.2,157,104.205,65,104.21,71,104.215,734,104.2
TF2412,,13:40:17.800#,104.07,104.205,104.05,105.21,102.72,1089,11068,104.17,738,104.175,73,104.18,51,104.185,58,104.19,10,104.195,80,104.2,157,104.205,65,104.21,71,104.215,734,104.2
TF2412,,13:40:18.300#,104.07,104.205,104.05,105.21,102.72,1089,11068,104.17,738,104.175,73,104.18,51,104.185,58,104.19,10,104.195,75,104.2,157,104.205,65,104.21,71,104.215,734,104.2
TF2412,,13:40:34.800#,104.07,104.205,104.05,105.21,102.72,1093,11072,104.17,738,104.175,73,104.18,51,104.185,58,104.19,10,104.195,71,104.2,157,104.205,65,104.21,71,104.215,734,104.2
TF2412,,13:40:35.300#,104.07,104.205,104.05,105.21,102.72,1095,11074,104.17,738,104.175,73,104.18,51,104.185,58,104.19,10,104.195,69,104.2,157,104.205,67,104.21,70,104.215,734,104.2
TF2412,,13:40:35.800#,104.07,104.205,104.05,105.21,102.72,1106,11085,104.17,738,104.175,73,104.18,51,104.185,58,104.19,10,104.195,58,104.2,155,104.205,65,104.21,70,104.215,734,104.195
TF2412,,13:40:36.300#,104.07,104.205,104.05,105.21,102.72,1106,11085,104.17,738,104.175,73,104.18,51,104.185,58,104.19,10,104.195,58,104.2,155,104.205,67,104.21,70,104.215,734,104.195
TF2412,,13:40:45.300#,104.07,104.205,104.05,105.21,102.72,1112,11091,104.17,738,104.175,73,104.18,51,104.185,58,104.19,10,104.195,52,104.2,155,104.205,65,104.21,70,104.215,734,104.195
TF2412,,13:40:50.300#,104.07,104.205,104.05,105.21,102.72,1112,11091,104.17,738,104.175,73,104.18,51,104.185,58,104.19,10,104.195,52,104.2,80,104.205,65,104.21,70,104.215,734,104.195
TF2412,,13:41:21.300#,104.07,104.205,104.05,105.21,102.72,1116,11095,104.17,738,104.175,73,104.18,51,104.185,58,104.19,10,104.195,48,104.2,80,104.205,65,104.21,70,104.215,734,104.195
TF2412,,13:41:22.800#,104.07,104.205,104.05,105.21,102.72,1120,11099,104.17,738,104.175,73,104.18,46,104.185,58,104.19,10,104.195,44,104.2,75,104.205,65,104.21,70,104.215,734,104.195
TF2412,,13:41:23.800#,104.07,104.205,104.05,105.21,102.72,1120,11099,104.17,738,104.175,73,104.18,47,104.185,58,104.19,10,104.195,44,104.2,75,104.205,66,104.21,70,104.215,734,104.195
TF2412,,13:41:24.300#,104.07,104.205,104.05,105.21,102.72,1120,11099,104.17,738,104.175,73,104.18,47,104.185,58,104.19,10,104.195,51,104.2,70,104.205,66,104.21,70,104.215,734,104.195
TF2412,,13:41:24.800#,104.07,104.205,104.05,105.21,102.72,1120,11099,104.17,738,104.175,73,104.18,47,104.185,58,104.19,10,104.195,46,104.2,75,104.205,66,104.21,70,104.215,734,104.195
TF2412,,13:41:29.300#,104.07,104.205,104.05,105.21,102.72,1120,11099,104.17,738,104.175,73,104.18,47,104.185,63,104.19,10,104.195,46,104.2,80,104.205,66,104.21,70,104.215,734,104.195
TF2412,,13:41:29.800#,104.07,104.205,104.05,105.21,102.72,1124,11103,104.17,738,104.175,73,104.18,46,104.185,63,104.19,10,104.195,40,104.2,80,104.205,65,104.21,70,104.215,734,104.195
TF2412,,13:41:30.300#,104.07,104.205,104.05,105.21,102.72,1127,11106,104.17,738,104.175,73,104.18,46,104.185,63,104.19,10,104.195,37,104.2,80,104.205,65,104.21,70,104.215,734,104.195
TF2412,,13:41:30.800#,104.07,104.205,104.05,105.21,102.72,1130,11109,104.17,738,104.175,73,104.18,46,104.185,63,104.19,10,104.195,34,104.2,80,104.205,65,104.21,70,104.215,734,104.195
TF2412,,13:41:31.300#,104.07,104.205,104.05,105.21,102.72,1132,11111,104.17,738,104.175,73,104.18,46,104.185,63,104.19,10,104.195,32,104.2,80,104.205,65,104.21,70,104.215,734,104.195
TF2412,,13:41:31.800#,104.07,104.205,104.05,105.21,102.72,1134,11113,104.17,738,104.175,73,104.18,46,104.185,63,104.19,10,104.195,30,104.2,80,104.205,65,104.21,70,104.215,734,104.195
TF2412,,13:41:32.300#,104.07,104.205,104.05,105.21,102.72,1135,11114,104.17,738,104.175,73,104.18,46,104.185,63,104.19,10,104.195,29,104.2,80,104.205,65,104.21,70,104.215,734,104.195
TF2412,,13:41:35.300#,104.07,104.205,104.05,105.21,102.72,1135,11114,104.17,738,104.175,73,104.18,46,104.185,64,104.19,10,104.195,29,104.2,80,104.205,65,104.21,71,104.215,734,104.195
TF2412,,13:41:40.300#,104.07,104.205,104.05,105.21,102.72,1135,11114,104.17,738,104.175,73,104.18,46,104.185,64,104.19,10,104.195,29,104.2,80,104.205,65,104.21,70,104.215,734,104.195
TF2412,,13:41:42.800#,104.07,104.205,104.05,105.21,102.72,1135,11114,104.17,738,104.175,73,104.18,46,104.185,64,104.19,10,104.195,29,104.2,80,104.205,65,104.21,71,104.215,734,104.195
TF2412,,13:41:43.300#,104.07,104.205,104.05,105.21,102.72,1135,11114,104.17,738,104.175,73,104.18,46,104.185,63,104.19,10,104.195,29,104.2,80,104.205,65,104.21,70,104.215,734,104.195
TF2412,,13:42:05.800#,104.07,104.205,104.05,105.21,102.72,1135,11114,104.17,738,104.175,73,104.18,46,104.185,63,104.19,13,104.195,29,104.2,80,104.205,65,104.21,70,104.215,734,104.195
TF2412,,13:42:20.800#,104.07,104.205,104.05,105.21,102.72,1135,11114,104.17,738,104.175,73,104.18,46,104.185,63,104.19,14,104.195,29,104.2,80,104.205,65,104.21,70,104.215,734,104.195
TF2412,,13:42:21.300#,104.07,104.205,104.05,105.21,102.72,1135,11114,104.17,738,104.175,73,104.18,46,104.185,58,104.19,14,104.195,29,104.2,75,104.205,65,104.21,70,104.215,734,104.195
TF2412,,13:42:21.800#,104.07,104.205,104.05,105.21,102.72,1135,11114,104.17,738,104.175,73,104.18,46,104.185,63,104.19,14,104.195,29,104.2,80,104.205,65,104.21,70,104.215,734,104.195
TF2412,,13:42:22.800#,104.07,104.205,104.05,105.21,102.72,1135,11114,104.17,738,104.175,73,104.18,47,104.185,63,104.19,14,104.195,29,104.2,80,104.205,65,104.21,71,104.215,734,104.195
TF2412,,13:42:24.800#,104.07,104.205,104.05,105.21,102.72,1135,11114,104.17,738,104.175,73,104.18,47,104.185,63,104.19,12,104.195,29,104.2,80,104.205,65,104.21,71,104.215,734,104.195
TF2412,,13:42:51.800#,104.07,104.205,104.05,105.21,102.72,1135,11114,104.17,738,104.175,73,104.18,51,104.185,58,104.19,12,104.195,38,104.2,75,104.205,65,104.21,70,104.215,734,104.195
TF2412,,13:43:06.800#,104.07,104.205,104.05,105.21,102.72,1135,11114,104.17,738,104.175,73,104.18,46,104.185,63,104.19,12,104.195,33,104.2,80,104.205,65,104.21,70,104.215,734,104.195
TF2412,,13:43:08.300#,104.07,104.205,104.05,105.21,102.72,1135,11114,104.17,738,104.175,73,104.18,46,104.185,63,104.19,12,104.195,31,104.2,80,104.205,65,104.21,70,104.215,734,104.195
TF2412,,13:43:09.300#,104.07,104.205,104.05,105.21,102.72,1135,11114,104.17,738,104.175,73,104.18,46,104.185,63,104.19,12,104.195,36,104.2,75,104.205,65,104.21,70,104.215,734,104.195
TF2412,,13:43:09.800#,104.07,104.205,104.05,105.21,102.72,1135,11114,104.17,738,104.175,73,104.18,51,104.185,58,104.19,12,104.195,36,104.2,75,104.205,65,104.21,70,104.215,734,104.195
TF2412,,13:43:10.800#,104.07,104.205,104.05,105.21,102.72,1135,11114,104.17,738,104.175,73,104.18,46,104.185,63,104.19,12,104.195,36,104.2,75,104.205,65,104.21,70,104.215,734,104.195
TF2412,,13:43:39.300#,104.07,104.205,104.05,105.21,102.72,1135,11114,104.17,738,104.175,73,104.18,46,104.185,63,104.19,11,104.195,29,104.2,80,104.205,65,104.21,70,104.215,734,104.195
TF2412,,13:43:51.800#,104.07,104.205,104.05,105.21,102.72,1137,11116,104.17,738,104.175,73,104.18,46,104.185,63,104.19,11,104.195,27,104.2,81,104.205,65,104.21,70,104.215,734,104.195
TF2412,,13:43:57.300#,104.07,104.205,104.05,105.21,102.72,1138,11117,104.17,738,104.175,73,104.18,46,104.185,63,104.19,11,104.195,26,104.2,81,104.205,65,104.21,70,104.215,734,104.195
TF2412,,13:43:59.800#,104.07,104.205,104.05,105.21,102.72,1139,11118,104.17,738,104.175,73,104.18,46,104.185,63,104.19,11,104.195,25,104.2,81,104.205,65,104.21,70,104.215,734,104.195
TF2412,,13:44:10.800#,104.07,104.205,104.05,105.21,102.72,1142,11118,104.17,738,104.175,73,104.18,46,104.185,63,104.19,11,104.195,22,104.2,81,104.205,65,104.21,70,104.215,734,104.195
TF2412,,13:44:11.300#,104.07,104.205,104.05,105.21,102.72,1142,11118,104.17,738,104.175,73,104.18,46,104.185,63,104.19,11,104.195,22,104.2,76,104.205,65,104.21,70,104.215,734,104.195
TF2412,,13:44:11.800#,104.07,104.205,104.05,105.21,102.72,1142,11118,104.17,738,104.175,73,104.18,46,104.185,63,104.19,11,104.195,22,104.2,76,104.205,70,104.21,70,104.215,734,104.195
TF2412,,13:44:16.800#,104.07,104.205,104.05,105.21,102.72,1148,11124,104.17,738,104.175,73,104.18,46,104.185,63,104.19,11,104.195,16,104.2,76,104.205,70,104.21,70,104.215,734,104.195
TF2412,,13:44:19.300#,104.07,104.205,104.05,105.21,102.72,1148,11124,104.17,738,104.175,73,104.18,47,104.185,63,104.19,11,104.195,16,104.2,76,104.205,70,104.21,71,104.215,734,104.195
TF2412,,13:44:39.300#,104.07,104.205,104.05,105.21,102.72,1149,11125,104.17,738,104.175,73,104.18,47,104.185,63,104.19,11,104.195,15,104.2,76,104.205,70,104.21,71,104.215,734,104.195
TF2412,,13:44:45.800#,104.07,104.205,104.05,105.21,102.72,1160,11125,104.165,132,104.17,738,104.175,73,104.18,47,104.185,63,104.19,4,104.195,15,104.2,76,104.205,70,104.21,71,104.19
TF2412,,13:44:46.300#,104.07,104.205,104.05,105.21,102.72,1164,11125,104.165,736,104.17,74,104.175,43,104.18,51,104.185,8,104.195,48,104.2,83,104.205,100,104.21,734,104.215,130,104.19
TF2412,,13:44:46.800#,104.07,104.205,104.05,105.21,102.72,1164,11125,104.165,736,104.17,69,104.175,48,104.18,56,104.185,8,104.195,29,104.2,73,104.205,70,104.21,247,104.215,677,104.19
TF2412,,13:44:47.300#,104.07,104.205,104.05,105.21,102.72,1164,11125,104.17,69,104.175,53,104.18,51,104.185,18,104.19,9,104.195,17,104.2,76,104.205,70,104.21,247,104.215,677,104.19
TF2412,,13:44:47.800#,104.07,104.205,104.05,105.21,102.72,1164,11125,104.17,738,104.175,78,104.18,56,104.185,48,104.19,9,104.195,15,104.2,71,104.205,70,104.21,70,104.215,734,104.19
TF2412,,13:44:48.300#,104.07,104.205,104.05,105.21,102.72,1164,11125,104.17,738,104.175,73,104.18,46,104.185,68,104.19,9,104.195,15,104.2,76,104.205,70,104.21,70,104.215,734,104.19
TF2412,,13:44:59.300#,104.07,104.205,104.05,105.21,102.72,1164,11125,104.17,738,104.175,73,104.18,46,104.185,72,104.19,9,104.195,15,104.2,76,104.205,70,104.21,70,104.215,734,104.19
TF2412,,13:45:00.800#,104.07,104.205,104.05,105.21,102.72,1173,11121,104.165,132,104.17,738,104.175,73,104.18,46,104.185,72,104.19,7,104.195,15,104.2,76,104.205,70,104.21,70,104.19
TF2412,,13:45:01.300#,104.07,104.205,104.05,105.21,102.72,1180,11115,104.17,74,104.175,43,104.18,51,104.185,17,104.19,7,104.195,50,104.2,76,104.205,100,104.21,734,104.215,130,104.19
TF2412,,13:45:01.800#,104.07,104.205,104.05,105.21,102.72,1181,11116,104.17,738,104.175,73,104.18,56,104.185,52,104.19,5,104.195,19,104.2,71,104.205,65,104.21,70,104.215,734,104.195
TF2412,,13:45:02.300#,104.07,104.205,104.05,105.21,102.72,1181,11116,104.17,738,104.175,73,104.18,46,104.185,72,104.19,5,104.195,14,104.2,76,104.205,65,104.21,70,104.215,734,104.195
TF2412,,13:45:02.800#,104.07,104.205,104.05,105.21,102.72,1181,11116,104.17,738,104.175,73,104.18,46,104.185,72,104.19,5,104.195,14,104.2,76,104.205,70,104.21,70,104.215,734,104.195
TF2412,,13:45:03.800#,104.07,104.205,104.05,105.21,102.72,1181,11116,104.17,738,104.175,73,104.18,46,104.185,72,104.19,7,104.195,14,104.2,76,104.205,70,104.21,70,104.215,734,104.195
TF2412,,13:45:06.800#,104.07,104.205,104.05,105.21,102.72,1182,11117,104.17,738,104.175,73,104.18,47,104.185,72,104.19,7,104.195,13,104.2,76,104.205,70,104.21,71,104.215,734,104.195
TF2412,,13:45:07.800#,104.07,104.205,104.05,105.21,102.72,1188,11123,104.17,738,104.175,73,104.18,47,104.185,67,104.19,12,104.195,7,104.2,76,104.205,70,104.21,71,104.215,734,104.195
TF2412,,13:45:08.300#,104.07,104.205,104.05,105.21,102.72,1194,11129,104.17,738,104.175,73,104.18,47,104.185,67,104.19,9,104.195,1,104.2,76,104.205,70,104.21,71,104.215,734,104.195
TF2412,,13:45:08.800#,104.07,104.205,104.05,105.21,102.72,1195,11130,104.175,73,104.18,47,104.185,67,104.19,9,104.195,3,104.2,76,104.205,70,104.21,71,104.215,734,104.22,130,104.195
TF2412,,13:45:09.300#,104.07,104.205,104.05,105.21,102.72,1196,11130,104.175,737,104.18,77,104.185,77,104.19,33,104.195,5,104.2,20,104.205,70,104.21,41,104.215,70,104.22,734,104.2
TF2412,,13:45:09.800#,104.07,104.205,104.05,105.21,102.72,1197,11130,104.175,737,104.18,72,104.185,62,104.19,58,104.195,4,104.2,15,104.205,85,104.21,46,104.215,70,104.22,734,104.195
TF2412,,13:45:10.300#,104.07,104.205,104.05,105.21,102.72,1197,11130,104.175,737,104.18,72,104.185,52,104.19,68,104.195,5,104.2,15,104.205,90,104.21,41,104.215,70,104.22,734,104.195
TF2412,,13:45:10.800#,104.07,104.205,104.05,105.21,102.72,1197,11130,104.175,737,104.18,72,104.185,52,104.19,68,104.195,5,104.2,13,104.205,90,104.21,41,104.215,70,104.22,734,104.195
TF2412,,13:45:11.300#,104.07,104.205,104.05,105.21,102.72,1197,11130,104.175,737,104.18,72,104.185,52,104.19,68,104.195,5,104.2,13,104.205,85,104.21,41,104.215,70,104.22,734,104.195
TF2412,,13:45:11.800#,104.07,104.205,104.05,105.21,102.72,1197,11130,104.175,737,104.18,72,104.185,52,104.19,68,104.195,5,104.2,13,104.205,85,104.21,46,104.215,70,104.22,734,104.195
TF2412,,13:45:12.800#,104.07,104.205,104.05,105.21,102.72,1197,11130,104.175,737,104.18,72,104.185,52,104.19,68,104.195,5,104.2,11,104.205,85,104.21,46,104.215,70,104.22,734,104.195
TF2412,,13:45:21.300#,104.07,104.205,104.05,105.21,102.72,1199,11132,104.175,737,104.18,72,104.185,52,104.19,72,104.195,5,104.2,9,104.205,85,104.21,46,104.215,70,104.22,734,104.2
TF2412,,13:45:25.800#,104.07,104.205,104.05,105.21,102.72,1202,11132,104.17,134,104.175,737,104.18,72,104.185,57,104.19,66,104.2,18,104.205,82,104.21,46,104.215,70,104.22,734,104.195
TF2412,,13:45:26.300#,104.07,104.205,104.05,105.21,102.72,1202,11132,104.17,738,104.175,68,104.18,47,104.185,62,104.19,16,104.195,4,104.2,18,104.205,87,104.21,46,104.215,247,104.195
TF2412,,13:45:26.800#,104.07,104.205,104.05,105.21,102.72,1206,11136,104.17,738,104.175,73,104.18,42,104.185,62,104.19,11,104.2,48,104.205,92,104.21,71,104.215,734,104.22,130,104.195
TF2412,,13:45:27.300#,104.07,104.205,104.05,105.21,102.72,1206,11136,104.17,738,104.175,68,104.18,52,104.185,62,104.19,16,104.2,18,104.205,87,104.21,46,104.215,247,104.22,677,104.195
TF2412,,13:45:31.800#,104.07,104.205,104.05,105.21,102.72,1206,11136,104.17,738,104.175,68,104.18,52,104.185,62,104.19,17,104.2,14,104.205,85,104.21,45,104.215,247,104.22,677,104.195
TF2412,,13:45:32.300#,104.07,104.205,104.05,105.21,102.72,1206,11136,104.17,738,104.175,68,104.18,52,104.185,62,104.19,16,104.2,16,104.205,80,104.21,45,104.215,247,104.22,677,104.195
TF2412,,13:45:32.800#,104.07,104.205,104.05,105.21,102.72,1206,11136,104.17,738,104.175,68,104.18,52,104.185,62,104.19,16,104.2,18,104.205,80,104.21,50,104.215,247,104.22,677,104.195
TF2412,,13:45:43.300#,104.07,104.205,104.05,105.21,102.72,1211,11136,104.17,738,104.175,68,104.18,52,104.185,62,104.19,11,104.2,18,104.205,80,104.21,50,104.215,247,104.22,677,104.19
TF2412,,13:45:46.800#,104.07,104.205,104.05,105.21,102.72,1211,11136,104.17,738,104.175,68,104.18,56,104.185,57,104.19,9,104.195,2,104.2,16,104.205,80,104.21,50,104.215,247,104.19
TF2412,,13:45:47.300#,104.07,104.205,104.05,105.21,102.72,1212,11136,104.165,132,104.17,738,104.175,68,104.18,51,104.185,52,104.195,10,104.2,36,104.205,85,104.21,70,104.215,734,104.19
TF2412,,13:45:47.800#,104.07,104.205,104.05,105.21,102.72,1212,11136,104.165,736,104.17,69,104.175,48,104.18,46,104.185,17,104.195,10,104.2,61,104.205,80,104.21,247,104.215,677,104.19
TF2412,,13:45:48.300#,104.07,104.205,104.05,105.21,102.72,1212,11136,104.165,736,104.17,69,104.175,53,104.18,56,104.185,12,104.195,10,104.2,66,104.205,75,104.21,247,104.215,677,104.19
TF2412,,13:45:48.800#,104.07,104.205,104.05,105.21,102.72,1212,11136,104.165,736,104.17,69,104.175,54,104.18,56,104.185,12,104.195,10,104.2,66,104.205,76,104.21,247,104.215,677,104.19
TF2412,,13:45:51.300#,104.07,104.205,104.05,105.21,102.72,1212,11136,104.165,736,104.17,69,104.175,54,104.18,56,104.185,12,104.195,11,104.2,66,104.205,76,104.21,247,104.215,677,104.19
TF2412,,13:46:00.300#,104.07,104.205,104.05,105.21,102.72,1212,11136,104.165,736,104.17,69,104.175,54,104.18,56,104.185,12,104.195,13,104.2,66,104.205,76,104.21,247,104.215,677,104.19
TF2412,,13:46:00.800#,104.07,104.205,104.05,105.21,102.72,1212,11136,104.165,736,104.17,69,104.175,54,104.18,51,104.185,12,104.19,1,104.195,12,104.2,61,104.205,76,104.21,247,104.19
TF2412,,13:46:01.300#,104.07,104.205,104.05,105.21,102.72,1212,11136,104.165,736,104.17,74,104.175,54,104.18,51,104.185,7,104.19,1,104.195,37,104.2,71,104.205,106,104.21,734,104.19
TF2412,,13:46:01.800#,104.07,104.205,104.05,105.21,102.72,1212,11136,104.165,736,104.17,74,104.175,54,104.18,56,104.185,7,104.19,1,104.195,47,104.2,76,104.205,96,104.21,734,104.19
TF2412,,13:46:02.300#,104.07,104.205,104.05,105.21,102.72,1212,11136,104.165,736,104.17,74,104.175,54,104.18,56,104.185,7,104.19,1,104.195,57,104.2,66,104.205,96,104.21,734,104.19
TF2412,,13:46:02.800#,104.07,104.205,104.05,105.21,102.72,1212,11136,104.165,736,104.17,74,104.175,54,104.18,56,104.185,7,104.19,1,104.195,62,104.2,61,104.205,96,104.21,734,104.19
TF2412,,13:46:05.300#,104.07,104.205,104.05,105.21,102.72,1212,11136,104.165,736,104.17,74,104.175,54,104.18,60,104.185,3,104.19,1,104.195,62,104.2,61,104.205,96,104.21,734,104.19
TF2412,,13:46:05.800#,104.07,104.205,104.05,105.21,102.72,1212,11136,104.165,736,104.17,74,104.175,54,104.18,60,104.185,5,104.19,1,104.195,62,104.2,61,104.205,96,104.21,734,104.19
TF2412,,13:46:07.300#,104.07,104.205,104.05,105.21,102.72,1214,11136,104.17,74,104.175,54,104.18,55,104.185,13,104.19,8,104.195,54,104.2,66,104.205,95,104.21,734,104.215,130,104.195
TF2412,,13:46:07.800#,104.07,104.205,104.05,105.21,102.72,1215,11136,104.17,738,104.175,84,104.18,62,104.185,43,104.19,10,104.195,6,104.2,61,104.205,65,104.21,70,104.215,734,104.195
TF2412,,13:46:08.300#,104.07,104.205,104.05,105.21,102.72,1215,11136,104.17,738,104.175,74,104.18,57,104.185,63,104.19,10,104.2,66,104.205,65,104.21,75,104.215,734,104.22,130,104.195
TF2412,,13:46:08.800#,104.07,104.205,104.05,105.21,102.72,1215,11136,104.17,738,104.175,69,104.18,62,104.185,58,104.19,15,104.2,23,104.205,75,104.21,50,104.215,247,104.22,677,104.195
TF2412,,13:46:09.300#,104.07,104.205,104.05,105.21,102.72,1215,11136,104.17,738,104.175,69,104.18,62,104.185,58,104.19,15,104.2,18,104.205,75,104.21,50,104.215,247,104.22,677,104.195
TF2412,,13:46:09.800#,104.07,104.205,104.05,105.21,102.72,1215,11136,104.17,738,104.175,69,104.18,62,104.185,58,104.19,15,104.2,18,104.205,75,104.21,55,104.215,247,104.22,677,104.195
TF2412,,13:46:15.300#,104.07,104.205,104.05,105.21,102.72,1215,11136,104.17,738,104.175,69,104.18,62,104.185,58,104.19,11,104.2,18,104.205,75,104.21,55,104.215,247,104.22,677,104.195
TF2412,,13:46:16.300#,104.07,104.205,104.05,105.21,102.72,1215,11136,104.17,738,104.175,69,104.18,58,104.185,58,104.19,11,104.2,18,104.205,75,104.21,55,104.215,247,104.22,677,104.195
TF2412,,13:46:23.300#,104.07,104.205,104.05,105.21,102.72,1215,11136,104.175,69,104.18,58,104.185,58,104.19,11,104.195,4,104.2,18,104.205,75,104.21,55,104.215,247,104.22,677,104.195
TF2412,,13:46:23.800#,104.07,104.205,104.05,105.21,102.72,1215,11136,104.175,738,104.18,83,104.185,78,104.19,24,104.195,4,104.2,18,104.205,70,104.21,50,104.215,70,104.22,734,104.195
TF2412,,13:46:24.300#,104.07,104.205,104.05,105.21,102.72,1215,11136,104.175,738,104.18,78,104.185,68,104.19,44,104.195,4,104.2,18,104.205,75,104.21,50,104.215,70,104.22,734,104.195
TF2412,,13:46:24.800#,104.07,104.205,104.05,105.21,102.72,1215,11136,104.175,738,104.18,73,104.185,68,104.19,49,104.195,4,104.2,18,104.205,75,104.21,50,104.215,70,104.22,734,104.195
TF2412,,13:46:25.300#,104.07,104.205,104.05,105.21,102.72,1215,11136,104.175,738,104.18,73,104.185,63,104.19,54,104.195,4,104.2,18,104.205,75,104.21,50,104.215,70,104.22,734,104.195
TF2412,,13:46:25.800#,104.07,104.205,104.05,105.21,102.72,1215,11136,104.175,738,104.18,73,104.185,63,104.19,54,104.195,5,104.2,16,104.205,75,104.21,50,104.215,70,104.22,734,104.195
TF2412,,13:46:30.800#,104.07,104.205,104.05,105.21,102.72,1215,11136,104.175,738,104.18,73,104.185,58,104.19,59,104.195,5,104.2,16,104.205,75,104.21,50,104.215,70,104.22,734,104.195
TF2412,,13:46:31.800#,104.07,104.205,104.05,105.21,102.72,1215,11136,104.175,738,104.18,73,104.185,58,104.19,59,104.195,5,104.2,11,104.205,80,104.21,50,104.215,70,104.22,734,104.195
TF2412,,13:46:33.300#,104.07,104.205,104.05,105.21,102.72,1215,11136,104.175,738,104.18,73,104.185,58,104.19,59,104.195,4,104.2,11,104.205,80,104.21,50,104.215,70,104.22,734,104.195
TF2412,,13:46:40.800#,104.07,104.205,104.05,105.21,102.72,1215,11136,104.17,134,104.175,738,104.18,73,104.185,58,104.19,59,104.2,11,104.205,80,104.21,50,104.215,70,104.22,734,104.195
TF2412,,13:46:41.300#,104.07,104.205,104.05,105.21,102.72,1215,11136,104.17,738,104.175,69,104.18,48,104.185,58,104.19,14,104.2,11,104.205,80,104.21,55,104.215,247,104.22,677,104.195
TF2412,,13:46:41.800#,104.07,104.205,104.05,105.21,102.72,1215,11136,104.17,738,104.175,69,104.18,53,104.185,53,104.19,14,104.2,11,104.205,80,104.21,55,104.215,247,104.22,677,104.195
TF2412,,13:46:42.300#,104.07,104.205,104.05,105.21,102.72,1215,11136,104.17,738,104.175,69,104.18,58,104.185,53,104.19,14,104.2,11,104.205,80,104.21,55,104.215,247,104.22,677,104.195
TF2412,,13:46:43.300#,104.07,104.205,104.05,105.21,102.72,1215,11136,104.17,738,104.175,68,104.18,58,104.185,53,104.19,14,104.2,11,104.205,80,104.21,55,104.215,247,104.22,677,104.195
TF2412,,13:46:44.800#,104.07,104.205,104.05,105.21,102.72,1219,11140,104.17,738,104.175,68,104.18,58,104.185,53,104.19,14,104.2,7,104.205,80,104.21,55,104.215,247,104.22,677,104.2
TF2412,,13:46:50.300#,104.07,104.205,104.05,105.21,102.72,1219,11140,104.17,738,104.175,68,104.18,58,104.185,53,104.19,14,104.2,7,104.205,82,104.21,55,104.215,247,104.22,677,104.2
TF2412,,13:47:18.300#,104.07,104.205,104.05,105.21,102.72,1219,11140,104.17,738,104.175,68,104.18,58,104.185,53,104.19,14,104.2,9,104.205,82,104.21,55,104.215,247,104.22,677,104.2
TF2412,,13:47:19.300#,104.07,104.205,104.05,105.21,102.72,1219,11140,104.17,738,104.175,68,104.18,58,104.185,53,104.19,14,104.2,9,104.205,81,104.21,55,104.215,247,104.22,677,104.2
TF2412,,13:47:27.800#,104.07,104.205,104.05,105.21,102.72,1219,11140,104.17,738,104.175,68,104.18,58,104.185,53,104.19,15,104.2,9,104.205,81,104.21,55,104.215,247,104.22,677,104.2
TF2412,,13:47:34.300#,104.07,104.205,104.05,105.21,102.72,1228,11146,104.17,738,104.175,68,104.18,58,104.185,53,104.19,17,104.2,2,104.205,81,104.21,55,104.215,247,104.22,677,104.2
TF2412,,13:47:34.800#,104.07,104.205,104.05,105.21,102.72,1231,11146,104.175,68,104.18,58,104.185,53,104.19,17,104.195,4,104.2,1,104.205,82,104.21,55,104.215,247,104.22,677,104.2
TF2412,,13:47:35.300#,104.07,104.205,104.05,105.21,102.72,1231,11146,104.175,737,104.18,83,104.185,63,104.19,42,104.195,4,104.2,3,104.205,77,104.21,50,104.215,70,104.22,734,104.2
TF2412,,13:47:35.800#,104.07,104.205,104.05,105.21,102.72,1231,11146,104.175,737,104.18,73,104.185,63,104.19,57,104.195,4,104.2,3,104.205,82,104.21,50,104.215,70,104.22,734,104.2
TF2412,,13:47:36.300#,104.07,104.205,104.05,105.21,102.72,1231,11146,104.175,737,104.18,73,104.185,58,104.19,62,104.195,4,104.2,3,104.205,82,104.21,50,104.215,70,104.22,734,104.2
TF2412,,13:47:46.300#,104.07,104.205,104.05,105.21,102.72,1231,11146,104.175,737,104.18,73,104.185,58,104.19,62,104.195,7,104.2,1,104.205,82,104.21,50,104.215,70,104.22,734,104.2
TF2412,,13:47:46.800#,104.07,104.205,104.05,105.21,102.72,1231,11146,104.175,737,104.18,73,104.185,58,104.19,62,104.195,7,104.205,82,104.21,50,104.215,70,104.22,734,104.225,133,104.2
TF2412,,13:47:47.300#,104.07,104.205,104.05,105.21,102.72,1231,11146,104.175,737,104.18,68,104.185,63,104.19,57,104.195,12,104.205,37,104.21,50,104.215,45,104.22,247,104.225,680,104.2
TF2412,,13:47:47.800#,104.07,104.205,104.05,105.21,102.72,1231,11146,104.175,737,104.18,68,104.185,63,104.19,57,104.195,12,104.205,32,104.21,50,104.215,50,104.22,247,104.225,680,104.2
TF2412,,13:47:48.300#,104.07,104.205,104.05,105.21,102.72,1231,11146,104.175,737,104.18,68,104.185,63,104.19,57,104.195,12,104.205,32,104.21,50,104.215,55,104.22,247,104.225,680,104.2
TF2412,,13:47:48.800#,104.07,104.205,104.05,105.21,102.72,1231,11146,104.175,737,104.18,68,104.185,63,104.19,57,104.195,14,104.205,32,104.21,50,104.215,55,104.22,247,104.225,680,104.2
TF2412,,13:47:56.800#,104.07,104.205,104.05,105.21,102.72,1231,11146,104.175,737,104.18,68,104.185,63,104.19,52,104.195,19,104.205,23,104.21,57,104.215,55,104.22,247,104.225,680,104.2
TF2412,,13:47:57.300#,104.07,104.205,104.05,105.21,102.72,1231,11146,104.175,737,104.18,68,104.185,63,104.19,57,104.195,14,104.205,30,104.21,52,104.215,55,104.22,247,104.225,680,104.2
TF2412,,13:47:57.800#,104.07,104.205,104.05,105.21,102.72,1231,11146,104.175,737,104.18,68,104.185,63,104.19,52,104.195,19,104.205,23,104.21,57,104.215,55,104.22,247,104.225,680,104.2
TF2412,,13:48:26.800#,104.07,104.205,104.05,105.21,102.72,1231,11146,104.18,68,104.185,63,104.19,52,104.195,19,104.2,2,104.205,23,104.21,57,104.215,55,104.22,247,104.225,680,104.2
TF2412,,13:48:27.300#,104.07,104.205,104.05,105.21,102.72,1231,11146,104.18,737,104.185,88,104.19,62,104.195,44,104.2,2,104.205,23,104.21,52,104.215,50,104.22,70,104.225,737,104.2
TF2412,,13:48:27.800#,104.07,104.205,104.05,105.21,102.72,1233,11146,104.18,737,104.185,78,104.19,62,104.195,59,104.2,3,104.205,23,104.21,57,104.215,50,104.22,70,104.225,737,104.2
TF2412,,13:48:28.300#,104.07,104.205,104.05,105.21,102.72,1233,11146,104.18,737,104.185,78,104.19,57,104.195,64,104.2,3,104.205,23,104.21,57,104.215,50,104.22,70,104.225,737,104.2
TF2412,,13:48:39.800#,104.07,104.205,104.05,105.21,102.72,1233,11146,104.18,737,104.185,78,104.19,57,104.195,64,104.2,5,104.205,23,104.21,57,104.215,50,104.22,70,104.225,737,104.2
TF2412,,13:48:46.300#,104.07,104.205,104.05,105.21,102.72,1233,11146,104.18,737,104.185,78,104.19,57,104.195,64,104.2,3,104.205,23,104.21,57,104.215,50,104.22,70,104.225,737,104.2
TF2412,,13:48:46.800#,104.07,104.205,104.05,105.21,102.72,1233,11146,104.18,737,104.185,78,104.19,57,104.195,64,104.2,2,104.205,23,104.21,57,104.215,50,104.22,70,104.225,737,104.2
TF2412,,13:48:47.300#,104.07,104.205,104.05,105.21,102.72,1233,11146,104.18,737,104.185,78,104.19,57,104.195,64,104.2,1,104.205,23,104.21,57,104.215,50,104.22,70,104.225,737,104.2
TF2412,,13:48:47.800#,104.07,104.205,104.05,105.21,102.72,1233,11146,104.18,737,104.185,78,104.19,57,104.195,64,104.2,2,104.205,23,104.21,57,104.215,50,104.22,70,104.225,737,104.2
TF2412,,13:48:55.300#,104.07,104.205,104.05,105.21,102.72,1233,11146,104.18,737,104.185,78,104.19,57,104.195,64,104.2,1,104.205,23,104.21,57,104.215,50,104.22,70,104.225,737,104.2
TF2412,,13:48:57.800#,104.07,104.205,104.05,105.21,102.72,1233,11146,104.18,737,104.185,78,104.19,57,104.195,64,104.2,2,104.205,23,104.21,57,104.215,50,104.22,70,104.225,737,104.2
TF2412,,13:49:00.800#,104.07,104.205,104.05,105.21,102.72,1233,11146,104.18,737,104.185,78,104.19,57,104.195,64,104.2,5,104.205,23,104.21,57,104.215,50,104.22,70,104.225,737,104.2
TF2412,,13:49:01.300#,104.07,104.205,104.05,105.21,102.72,1233,11146,104.18,737,104.185,78,104.19,57,104.195,64,104.2,2,104.205,23,104.21,57,104.215,50,104.22,70,104.225,737,104.2
TF2412,,13:49:02.300#,104.07,104.205,104.05,105.21,102.72,1233,11146,104.18,737,104.185,78,104.19,58,104.195,64,104.2,2,104.205,23,104.21,57,104.215,51,104.22,70,104.225,737,104.2
TF2412,,13:49:03.300#,104.07,104.205,104.05,105.21,102.72,1233,11146,104.18,737,104.185,78,104.19,58,104.195,64,104.2,3,104.205,23,104.21,57,104.215,51,104.22,70,104.225,737,104.2
TF2412,,13:49:05.300#,104.07,104.205,104.05,105.21,102.72,1233,11146,104.18,737,104.185,78,104.19,58,104.195,64,104.2,5,104.205,23,104.21,57,104.215,50,104.22,70,104.225,737,104.2
TF2412,,13:49:05.800#,104.07,104.205,104.05,105.21,102.72,1233,11146,104.18,737,104.185,78,104.19,58,104.195,64,104.2,1,104.205,23,104.21,57,104.215,50,104.22,70,104.225,737,104.2
TF2412,,13:49:06.800#,104.07,104.205,104.05,105.21,102.72,1233,11146,104.18,737,104.185,78,104.19,58,104.195,64,104.2,1,104.205,28,104.21,52,104.215,50,104.22,70,104.225,737,104.2
TF2412,,13:49:07.300#,104.07,104.205,104.05,105.21,102.72,1233,11146,104.18,737,104.185,78,104.19,58,104.195,64,104.2,1,104.205,23,104.21,57,104.215,50,104.22,70,104.225,737,104.2
TF2412,,13:49:07.800#,104.07,104.205,104.05,105.21,102.72,1233,11146,104.18,737,104.185,78,104.19,58,104.195,64,104.2,3,104.205,23,104.21,57,104.215,50,104.22,70,104.225,737,104.2
TF2412,,13:49:08.800#,104.07,104.205,104.05,105.21,102.72,1233,11146,104.175,133,104.18,737,104.185,78,104.19,63,104.195,59,104.205,28,104.21,52,104.215,50,104.22,70,104.225,737,104.2
TF2412,,13:49:09.300#,104.07,104.205,104.05,105.21,102.72,1233,11146,104.175,737,104.18,68,104.185,53,104.19,58,104.195,19,104.205,28,104.21,52,104.215,55,104.22,247,104.225,680,104.2
TF2412,,13:49:09.800#,104.07,104.205,104.05,105.21,102.72,1233,11146,104.175,737,104.18,68,104.185,58,104.19,53,104.195,19,104.205,28,104.21,52,104.215,55,104.22,247,104.225,680,104.2
TF2412,,13:49:10.300#,104.07,104.205,104.05,105.21,102.72,1233,11146,104.175,737,104.18,68,104.185,63,104.19,58,104.195,14,104.205,28,104.21,52,104.215,55,104.22,247,104.225,680,104.2
TF2412,,13:49:12.800#,104.07,104.205,104.05,105.21,102.72,1233,11146,104.175,737,104.18,68,104.185,63,104.19,58,104.195,14,104.2,2,104.205,28,104.21,52,104.215,55,104.22,247,104.2
TF2412,,13:49:13.300#,104.07,104.205,104.05,105.21,102.72,1233,11146,104.175,737,104.18,73,104.185,58,104.19,63,104.195,9,104.2,2,104.205,63,104.21,57,104.215,75,104.22,734,104.2
TF2412,,13:49:13.800#,104.07,104.205,104.05,105.21,102.72,1233,11146,104.175,737,104.18,73,104.185,58,104.19,63,104.195,9,104.2,2,104.205,73,104.21,57,104.215,70,104.22,734,104.2
TF2412,,13:49:14.300#,104.07,104.205,104.05,105.21,102.72,1233,11146,104.175,737,104.18,73,104.185,58,104.19,63,104.195,9,104.2,2,104.205,78,104.21,52,104.215,70,104.22,734,104.2
TF2412,,13:49:29.300#,104.07,104.205,104.05,105.21,102.72,1233,11146,104.175,737,104.18,73,104.185,58,104.19,62,104.195,9,104.2,2,104.205,78,104.21,52,104.215,70,104.22,734,104.2
