InstrumentId,ExchangeId,Datetime,OpenPrice,HighestPrice,LowestPrice,UpperLimitPrice,LowerLimitPrice,Volume,OpenInterest,BidPrice5,BidVolume5,BidPrice4,BidVolume4,BidPrice3,BidVolume3,BidPrice2,BidVolume2,BidPrice1,BidVolume1,AskPrice1,AskVolume1,AskPrice2,AskVolume2,AskPrice3,AskVolume3,AskPrice4,AskVolume4,AskPrice5,AskVolume5,LastPrice
TF2409,,13:38:34.800#,104.21,104.325,104.17,105.34,102.85,36860,128404,104.3,1230,104.305,220,104.31,262,104.315,230,104.32,53,104.325,62,104.33,167,104.335,176,104.34,177,104.345,1272,104.32
TF2409,,13:38:35.300#,104.21,104.325,104.17,105.34,102.85,36860,128404,104.3,1220,104.305,220,104.31,262,104.315,220,104.32,53,104.325,52,104.33,167,104.335,186,104.34,167,104.345,1282,104.32
TF2409,,13:38:35.800#,104.21,104.325,104.17,105.34,102.85,36860,128404,104.3,1230,104.305,220,104.31,272,104.315,220,104.32,64,104.325,62,104.33,167,104.335,176,104.34,167,104.345,1272,104.32
TF2409,,13:38:36.300#,104.21,104.325,104.17,105.34,102.85,36860,128404,104.3,1230,104.305,220,104.31,262,104.315,230,104.32,64,104.325,63,104.33,167,104.335,176,104.34,177,104.345,1272,104.32
TF2409,,13:38:37.300#,104.21,104.325,104.17,105.34,102.85,36860,128404,104.3,1620,104.305,220,104.31,262,104.315,240,104.32,66,104.325,65,104.33,177,104.335,176,104.34,177,104.345,1662,104.32
TF2409,,13:38:37.800#,104.21,104.325,104.17,105.34,102.85,36860,128404,104.3,1620,104.305,220,104.31,262,104.315,240,104.32,66,104.325,65,104.33,177,104.335,186,104.34,167,104.345,1662,104.32
TF2409,,13:38:40.300#,104.21,104.325,104.17,105.34,102.85,36860,128404,104.3,1620,104.305,220,104.31,264,104.315,242,104.32,68,104.325,65,104.33,177,104.335,186,104.34,167,104.345,1662,104.32
TF2409,,13:38:40.800#,104.21,104.325,104.17,105.34,102.85,36860,128404,104.3,1620,104.305,220,104.31,265,104.315,243,104.32,68,104.325,65,104.33,178,104.335,187,104.34,167,104.345,1662,104.32
TF2409,,13:38:44.800#,104.21,104.325,104.17,105.34,102.85,36860,128404,104.3,1620,104.305,220,104.31,265,104.315,243,104.32,68,104.325,65,104.33,168,104.335,187,104.34,167,104.345,1662,104.32
TF2409,,13:38:45.300#,104.21,104.325,104.17,105.34,102.85,36861,128403,104.3,1620,104.305,220,104.31,264,104.315,242,104.32,67,104.325,65,104.33,167,104.335,176,104.34,167,104.345,1662,104.32
TF2409,,13:38:45.800#,104.21,104.325,104.17,105.34,102.85,36861,128403,104.3,1620,104.305,220,104.31,263,104.315,243,104.32,67,104.325,55,104.33,167,104.335,176,104.34,177,104.345,1662,104.32
TF2409,,13:38:47.300#,104.21,104.325,104.17,105.34,102.85,36861,128403,104.3,1620,104.305,220,104.31,263,104.315,248,104.32,67,104.325,55,104.33,167,104.335,176,104.34,177,104.345,1662,104.32
TF2409,,13:38:48.800#,104.21,104.325,104.17,105.34,102.85,36862,128402,104.3,1620,104.305,220,104.31,263,104.315,248,104.32,66,104.325,55,104.33,167,104.335,176,104.34,177,104.345,1662,104.32
TF2409,,13:38:52.800#,104.21,104.325,104.17,105.34,102.85,36862,128402,104.3,1625,104.305,220,104.31,263,104.315,248,104.32,66,104.325,55,104.33,167,104.335,176,104.34,177,104.345,1662,104.32
TF2409,,13:38:53.300#,104.21,104.325,104.17,105.34,102.85,36862,128402,104.3,1625,104.305,220,104.31,263,104.315,238,104.32,66,104.325,55,104.33,167,104.335,186,104.34,167,104.345,1662,104.32
TF2409,,13:38:53.800#,104.21,104.325,104.17,105.34,102.85,36862,128402,104.3,1625,104.305,220,104.31,273,104.315,238,104.32,66,104.325,55,104.33,167,104.335,186,104.34,167,104.345,1662,104.32
TF2409,,13:38:54.300#,104.21,104.325,104.17,105.34,102.85,36862,128402,104.3,1626,104.305,220,104.31,273,104.315,238,104.32,66,104.325,55,104.33,167,104.335,186,104.34,167,104.345,1662,104.32
TF2409,,13:38:56.300#,104.21,104.325,104.17,105.34,102.85,36862,128402,104.3,1626,104.305,220,104.31,269,104.315,238,104.32,66,104.325,55,104.33,167,104.335,186,104.34,167,104.345,1662,104.32
TF2409,,13:38:56.800#,104.21,104.325,104.17,105.34,102.85,36863,128402,104.3,1626,104.305,220,104.31,269,104.315,238,104.32,65,104.325,55,104.33,167,104.335,186,104.34,167,104.345,1662,104.32
TF2409,,13:38:57.300#,104.21,104.325,104.17,105.34,102.85,36863,128402,104.3,1626,104.305,220,104.31,267,104.315,238,104.32,65,104.325,55,104.33,167,104.335,186,104.34,167,104.345,1662,104.32
TF2409,,13:38:57.800#,104.21,104.325,104.17,105.34,102.85,36863,128402,104.3,1626,104.305,220,104.31,265,104.315,238,104.32,65,104.325,55,104.33,167,104.335,186,104.34,167,104.345,1662,104.32
TF2409,,13:38:58.300#,104.21,104.325,104.17,105.34,102.85,36863,128402,104.3,1626,104.305,220,104.31,262,104.315,238,104.32,65,104.325,55,104.33,167,104.335,186,104.34,167,104.345,1662,104.32
TF2409,,13:39:01.800#,104.21,104.325,104.17,105.34,102.85,36863,128402,104.3,1626,104.305,220,104.31,262,104.315,238,104.32,75,104.325,55,104.33,167,104.335,186,104.34,167,104.345,1662,104.32
TF2409,,13:39:02.300#,104.21,104.325,104.17,105.34,102.85,36863,128402,104.3,1626,104.305,220,104.31,252,104.315,246,104.32,68,104.325,38,104.33,179,104.335,174,104.34,167,104.345,1662,104.32
TF2409,,13:39:02.800#,104.21,104.325,104.17,105.34,102.85,36882,128394,104.3,1626,104.305,220,104.31,252,104.315,246,104.32,68,104.325,24,104.33,179,104.335,174,104.34,167,104.345,1662,104.325
TF2409,,13:39:03.300#,104.21,104.325,104.17,105.34,102.85,36910,128392,104.3,1626,104.305,220,104.31,252,104.315,237,104.32,68,104.325,5,104.33,169,104.335,174,104.34,167,104.345,1662,104.325
TF2409,,13:39:03.800#,104.21,104.325,104.17,105.34,102.85,36918,128400,104.3,1626,104.305,220,104.31,252,104.315,237,104.32,70,104.325,2,104.33,169,104.335,174,104.34,167,104.345,1662,104.325
TF2409,,13:39:04.300#,104.21,104.325,104.17,105.34,102.85,36920,128400,104.305,220,104.31,252,104.315,247,104.32,70,104.325,2,104.33,178,104.335,185,104.34,187,104.345,1662,104.35,28,104.325
TF2409,,13:39:04.800#,104.21,104.325,104.17,105.34,102.85,36931,128396,104.3,609,104.305,1196,104.31,310,104.315,233,104.32,146,104.325,8,104.33,121,104.335,196,104.34,119,104.345,696,104.32
TF2409,,13:39:05.300#,104.21,104.325,104.17,105.34,102.85,36931,128396,104.3,1625,104.305,308,104.31,252,104.315,245,104.32,63,104.325,13,104.33,215,104.335,184,104.34,177,104.345,1584,104.32
TF2409,,13:39:05.800#,104.21,104.325,104.17,105.34,102.85,36931,128396,104.3,1625,104.305,308,104.31,252,104.315,245,104.32,73,104.325,34,104.33,205,104.335,174,104.34,177,104.345,1584,104.32
TF2409,,13:39:06.300#,104.21,104.325,104.17,105.34,102.85,36931,128396,104.3,1625,104.305,308,104.31,250,104.315,257,104.32,71,104.325,26,104.33,225,104.335,174,104.34,177,104.345,1584,104.32
TF2409,,13:39:06.800#,104.21,104.325,104.17,105.34,102.85,36931,128396,104.3,1625,104.305,308,104.31,250,104.315,257,104.32,71,104.325,30,104.33,225,104.335,174,104.34,177,104.345,1584,104.32
TF2409,,13:39:09.300#,104.21,104.325,104.17,105.34,102.85,36931,128396,104.3,1625,104.305,308,104.31,250,104.315,257,104.32,71,104.325,25,104.33,225,104.335,174,104.34,177,104.345,1584,104.32
TF2409,,13:39:09.800#,104.21,104.325,104.17,105.34,102.85,36943,128401,104.3,1625,104.305,308,104.31,250,104.315,247,104.32,62,104.325,5,104.33,215,104.335,174,104.34,177,104.345,1584,104.325
TF2409,,13:39:10.300#,104.21,104.325,104.17,105.34,102.85,36943,128401,104.3,1625,104.305,308,104.31,250,104.315,247,104.32,82,104.325,11,104.33,225,104.335,174,104.34,177,104.345,1584,104.325
TF2409,,13:39:10.800#,104.21,104.325,104.17,105.34,102.85,36943,128401,104.3,1625,104.305,308,104.31,250,104.315,247,104.32,85,104.325,11,104.33,225,104.335,174,104.34,177,104.345,1584,104.325
TF2409,,13:39:11.300#,104.21,104.325,104.17,105.34,102.85,36946,128402,104.3,1625,104.305,308,104.31,250,104.315,237,104.32,75,104.325,1,104.33,215,104.335,174,104.34,177,104.345,1584,104.325
TF2409,,13:39:11.800#,104.21,104.325,104.17,105.34,102.85,36946,128402,104.3,1625,104.305,308,104.31,250,104.315,247,104.32,84,104.325,15,104.33,214,104.335,185,104.34,177,104.345,1584,104.325
TF2409,,13:39:12.300#,104.21,104.325,104.17,105.34,102.85,36946,128402,104.3,1625,104.305,308,104.31,250,104.315,247,104.32,84,104.325,15,104.33,225,104.335,174,104.34,177,104.345,1584,104.325
TF2409,,13:39:12.800#,104.21,104.325,104.17,105.34,102.85,36947,128401,104.3,1625,104.305,308,104.31,250,104.315,247,104.32,83,104.325,15,104.33,225,104.335,174,104.34,177,104.345,1584,104.32
TF2409,,13:39:13.300#,104.21,104.325,104.17,105.34,102.85,36947,128401,104.3,1625,104.305,308,104.31,250,104.315,247,104.32,63,104.325,13,104.33,225,104.335,174,104.34,177,104.345,1584,104.32
TF2409,,13:39:13.800#,104.21,104.325,104.17,105.34,102.85,36947,128401,104.3,1615,104.305,308,104.31,250,104.315,257,104.32,71,104.325,30,104.33,225,104.335,174,104.34,177,104.345,1584,104.32
TF2409,,13:39:14.300#,104.21,104.325,104.17,105.34,102.85,36947,128401,104.3,1625,104.305,308,104.31,250,104.315,259,104.32,71,104.325,33,104.33,223,104.335,174,104.34,177,104.345,1584,104.32
TF2409,,13:39:14.800#,104.21,104.325,104.17,105.34,102.85,36947,128401,104.3,1625,104.305,308,104.31,250,104.315,259,104.32,71,104.325,34,104.33,223,104.335,174,104.34,177,104.345,1584,104.32
TF2409,,13:39:15.300#,104.21,104.325,104.17,105.34,102.85,36947,128401,104.3,1625,104.305,308,104.31,250,104.315,259,104.32,77,104.325,34,104.33,223,104.335,174,104.34,177,104.345,1584,104.32
TF2409,,13:39:15.800#,104.21,104.325,104.17,105.34,102.85,36947,128401,104.3,1625,104.305,308,104.31,250,104.315,259,104.32,77,104.325,36,104.33,223,104.335,174,104.34,177,104.345,1584,104.32
TF2409,,13:39:16.300#,104.21,104.325,104.17,105.34,102.85,36947,128401,104.3,1625,104.305,308,104.31,250,104.315,257,104.32,79,104.325,36,104.33,223,104.335,174,104.34,177,104.345,1584,104.32
TF2409,,13:39:16.800#,104.21,104.325,104.17,105.34,102.85,36948,128400,104.3,1625,104.305,308,104.31,250,104.315,257,104.32,78,104.325,36,104.33,225,104.335,174,104.34,177,104.345,1584,104.32
TF2409,,13:39:17.800#,104.21,104.325,104.17,105.34,102.85,36948,128400,104.3,1625,104.305,308,104.31,250,104.315,257,104.32,78,104.325,37,104.33,225,104.335,174,104.34,177,104.345,1584,104.32
TF2409,,13:39:21.300#,104.21,104.325,104.17,105.34,102.85,36948,128400,104.3,1625,104.305,308,104.31,250,104.315,257,104.32,78,104.325,47,104.33,225,104.335,174,104.34,177,104.345,1584,104.32
TF2409,,13:39:21.800#,104.21,104.325,104.17,105.34,102.85,36948,128400,104.3,1625,104.305,308,104.31,250,104.315,257,104.32,74,104.325,37,104.33,225,104.335,174,104.34,177,104.345,1584,104.32
TF2409,,13:39:25.300#,104.21,104.325,104.17,105.34,102.85,36951,128397,104.3,1625,104.305,308,104.31,250,104.315,257,104.32,71,104.325,34,104.33,225,104.335,174,104.34,177,104.345,1584,104.325
TF2409,,13:39:25.800#,104.21,104.325,104.17,105.34,102.85,36951,128397,104.3,1625,104.305,308,104.31,250,104.315,257,104.32,59,104.325,24,104.33,225,104.335,174,104.34,177,104.345,1584,104.325
TF2409,,13:39:26.300#,104.21,104.325,104.17,105.34,102.85,36951,128397,104.3,1625,104.305,308,104.31,250,104.315,259,104.32,69,104.325,34,104.33,225,104.335,174,104.34,177,104.345,1584,104.325
TF2409,,13:39:30.800#,104.21,104.325,104.17,105.34,102.85,36952,128397,104.3,1625,104.305,308,104.31,250,104.315,259,104.32,69,104.325,33,104.33,225,104.335,174,104.34,177,104.345,1584,104.325
TF2409,,13:39:31.300#,104.21,104.325,104.17,105.34,102.85,36952,128397,104.3,1625,104.305,308,104.31,250,104.315,259,104.32,69,104.325,28,104.33,225,104.335,174,104.34,177,104.345,1584,104.325
TF2409,,13:39:33.300#,104.21,104.325,104.17,105.34,102.85,36953,128398,104.3,1625,104.305,308,104.31,250,104.315,259,104.32,69,104.325,27,104.33,225,104.335,174,104.34,177,104.345,1584,104.325
TF2409,,13:39:33.800#,104.21,104.325,104.17,105.34,102.85,36954,128399,104.3,1625,104.305,308,104.31,250,104.315,259,104.32,69,104.325,26,104.33,225,104.335,174,104.34,177,104.345,1584,104.325
TF2409,,13:39:35.800#,104.21,104.325,104.17,105.34,102.85,36954,128399,104.3,1625,104.305,308,104.31,250,104.315,259,104.32,69,104.325,31,104.33,225,104.335,174,104.34,177,104.345,1584,104.325
TF2409,,13:39:39.300#,104.21,104.325,104.17,105.34,102.85,36954,128399,104.3,1625,104.305,308,104.31,250,104.315,259,104.32,69,104.325,31,104.33,225,104.335,184,104.34,177,104.345,1584,104.325
TF2409,,13:39:43.800#,104.21,104.325,104.17,105.34,102.85,36954,128399,104.3,1625,104.305,308,104.31,250,104.315,229,104.32,69,104.325,31,104.33,225,104.335,184,104.34,177,104.345,1584,104.325
TF2409,,13:39:44.300#,104.21,104.325,104.17,105.34,102.85,36964,128398,104.3,1625,104.305,308,104.31,250,104.315,229,104.32,59,104.325,27,104.33,225,104.335,184,104.34,177,104.345,1584,104.32
TF2409,,13:39:44.800#,104.21,104.325,104.17,105.34,102.85,36964,128398,104.3,1625,104.305,308,104.31,250,104.315,217,104.32,77,104.325,21,104.33,225,104.335,184,104.34,177,104.345,1584,104.32
TF2409,,13:39:45.300#,104.21,104.325,104.17,105.34,102.85,36968,128401,104.3,1625,104.305,308,104.31,250,104.315,217,104.32,84,104.325,28,104.33,225,104.335,184,104.34,177,104.345,1584,104.32
TF2409,,13:39:45.800#,104.21,104.325,104.17,105.34,102.85,36968,128401,104.3,1615,104.305,308,104.31,250,104.315,217,104.32,84,104.325,34,104.33,225,104.335,184,104.34,177,104.345,1584,104.32
TF2409,,13:39:46.300#,104.21,104.325,104.17,105.34,102.85,36968,128401,104.3,1615,104.305,308,104.31,250,104.315,217,104.32,85,104.325,40,104.33,225,104.335,184,104.34,177,104.345,1584,104.32
TF2409,,13:39:47.300#,104.21,104.325,104.17,105.34,102.85,36969,128401,104.3,1615,104.305,308,104.31,250,104.315,217,104.32,84,104.325,40,104.33,225,104.335,184,104.34,177,104.345,1584,104.32
TF2409,,13:39:48.300#,104.21,104.325,104.17,105.34,102.85,36969,128401,104.3,1615,104.305,308,104.31,250,104.315,217,104.32,65,104.325,40,104.33,225,104.335,184,104.34,177,104.345,1584,104.32
TF2409,,13:39:48.800#,104.21,104.325,104.17,105.34,102.85,36969,128401,104.3,1615,104.305,308,104.31,250,104.315,217,104.32,55,104.325,40,104.33,225,104.335,184,104.34,177,104.345,1584,104.32
TF2409,,13:39:49.300#,104.21,104.325,104.17,105.34,102.85,36969,128401,104.3,1615,104.305,308,104.31,250,104.315,217,104.32,45,104.325,40,104.33,225,104.335,184,104.34,177,104.345,1584,104.32
TF2409,,13:39:49.800#,104.21,104.325,104.17,105.34,102.85,36970,128401,104.3,1615,104.305,308,104.31,250,104.315,227,104.32,42,104.325,44,104.33,223,104.335,184,104.34,177,104.345,1584,104.32
TF2409,,13:39:50.300#,104.21,104.325,104.17,105.34,102.85,36974,128401,104.3,1605,104.305,308,104.31,250,104.315,229,104.32,38,104.325,44,104.33,223,104.335,184,104.34,177,104.345,1594,104.32
TF2409,,13:39:51.300#,104.21,104.325,104.17,105.34,102.85,36974,128401,104.3,1605,104.305,308,104.31,250,104.315,229,104.32,38,104.325,56,104.33,213,104.335,184,104.34,177,104.345,1594,104.32
TF2409,,13:39:51.800#,104.21,104.325,104.17,105.34,102.85,36976,128401,104.3,1605,104.305,308,104.31,250,104.315,227,104.32,38,104.325,45,104.33,213,104.335,184,104.34,177,104.345,1594,104.32
TF2409,,13:39:52.300#,104.21,104.325,104.17,105.34,102.85,36976,128401,104.3,1605,104.305,308,104.31,250,104.315,227,104.32,38,104.325,43,104.33,215,104.335,184,104.34,177,104.345,1594,104.32
TF2409,,13:39:52.800#,104.21,104.325,104.17,105.34,102.85,36976,128401,104.3,1605,104.305,308,104.31,250,104.315,227,104.32,38,104.325,41,104.33,215,104.335,184,104.34,177,104.345,1594,104.32
TF2409,,13:39:53.300#,104.21,104.325,104.17,105.34,102.85,36976,128401,104.3,1605,104.305,308,104.31,250,104.315,227,104.32,54,104.325,41,104.33,215,104.335,184,104.34,177,104.345,1594,104.32
TF2409,,13:39:53.800#,104.21,104.325,104.17,105.34,102.85,36976,128401,104.3,1615,104.305,308,104.31,250,104.315,227,104.32,54,104.325,41,104.33,215,104.335,184,104.34,177,104.345,1584,104.32
TF2409,,13:39:54.300#,104.21,104.325,104.17,105.34,102.85,36976,128401,104.3,1605,104.305,308,104.31,250,104.315,227,104.32,54,104.325,41,104.33,215,104.335,184,104.34,177,104.345,1584,104.32
TF2409,,13:39:54.800#,104.21,104.325,104.17,105.34,102.85,36976,128401,104.3,1615,104.305,308,104.31,250,104.315,227,104.32,54,104.325,41,104.33,215,104.335,184,104.34,177,104.345,1584,104.32
TF2409,,13:39:56.300#,104.21,104.325,104.17,105.34,102.85,36976,128401,104.3,1615,104.305,308,104.31,250,104.315,223,104.32,54,104.325,41,104.33,215,104.335,184,104.34,177,104.345,1584,104.32
TF2409,,13:39:57.300#,104.21,104.325,104.17,105.34,102.85,36976,128401,104.3,1615,104.305,308,104.31,250,104.315,221,104.32,54,104.325,41,104.33,215,104.335,184,104.34,177,104.345,1584,104.32
TF2409,,13:39:57.800#,104.21,104.325,104.17,105.34,102.85,36976,128401,104.3,1615,104.305,308,104.31,250,104.315,211,104.32,38,104.325,41,104.33,205,104.335,184,104.34,177,104.345,1584,104.32
TF2409,,13:39:58.300#,104.21,104.325,104.17,105.34,102.85,36976,128401,104.3,1605,104.305,308,104.31,250,104.315,206,104.32,48,104.325,51,104.33,205,104.335,184,104.34,177,104.345,1594,104.32
TF2409,,13:39:59.800#,104.21,104.325,104.17,105.34,102.85,36976,128401,104.3,1605,104.305,308,104.31,250,104.315,206,104.32,48,104.325,61,104.33,205,104.335,184,104.34,177,104.345,1594,104.32
TF2409,,13:40:00.300#,104.21,104.325,104.17,105.34,102.85,36977,128401,104.3,1605,104.305,308,104.31,250,104.315,206,104.32,48,104.325,50,104.33,205,104.335,184,104.34,177,104.345,1594,104.325
TF2409,,13:40:00.800#,104.21,104.325,104.17,105.34,102.85,36977,128401,104.3,1605,104.305,308,104.31,250,104.315,217,104.32,36,104.325,40,104.33,205,104.335,184,104.34,177,104.345,1594,104.325
TF2409,,13:40:01.300#,104.21,104.325,104.17,105.34,102.85,36977,128401,104.3,1605,104.305,308,104.31,250,104.315,220,104.32,45,104.325,52,104.33,203,104.335,184,104.34,177,104.345,1594,104.325
TF2409,,13:40:01.800#,104.21,104.325,104.17,105.34,102.85,36977,128401,104.3,1605,104.305,308,104.31,250,104.315,220,104.32,35,104.325,42,104.33,203,104.335,184,104.34,177,104.345,1594,104.325
TF2409,,13:40:02.800#,104.21,104.325,104.17,105.34,102.85,36977,128401,104.3,1605,104.305,308,104.31,250,104.315,220,104.32,36,104.325,42,104.33,203,104.335,184,104.34,177,104.345,1594,104.325
TF2409,,13:40:12.300#,104.21,104.325,104.17,105.34,102.85,36977,128401,104.3,1605,104.305,308,104.31,255,104.315,220,104.32,36,104.325,42,104.33,203,104.335,184,104.34,177,104.345,1594,104.325
TF2409,,13:40:15.800#,104.21,104.325,104.17,105.34,102.85,36979,128401,104.3,1605,104.305,308,104.31,255,104.315,220,104.32,50,104.325,42,104.33,203,104.335,184,104.34,177,104.345,1594,104.32
TF2409,,13:40:16.300#,104.21,104.325,104.17,105.34,102.85,36979,128401,104.3,1615,104.305,308,104.31,255,104.315,218,104.32,105,104.325,40,104.33,203,104.335,184,104.34,177,104.345,1584,104.32
TF2409,,13:40:16.800#,104.21,104.325,104.17,105.34,102.85,36979,128401,104.3,1615,104.305,308,104.31,255,104.315,205,104.32,119,104.325,39,104.33,205,104.335,184,104.34,177,104.345,1584,104.32
TF2409,,13:40:17.300#,104.21,104.325,104.17,105.34,102.85,36979,128401,104.3,1615,104.305,308,104.31,255,104.315,208,104.32,116,104.325,29,104.33,205,104.335,184,104.34,177,104.345,1584,104.32
TF2409,,13:40:17.800#,104.21,104.325,104.17,105.34,102.85,36979,128401,104.3,1615,104.305,308,104.31,255,104.315,208,104.32,116,104.325,39,104.33,205,104.335,184,104.34,177,104.345,1584,104.32
TF2409,,13:40:18.300#,104.21,104.325,104.17,105.34,102.85,36979,128401,104.3,1615,104.305,308,104.31,255,104.315,208,104.32,116,104.325,29,104.33,205,104.335,184,104.34,177,104.345,1584,104.32
TF2409,,13:40:18.800#,104.21,104.325,104.17,105.34,102.85,36979,128401,104.3,1615,104.305,308,104.31,255,104.315,209,104.32,116,104.325,29,104.33,205,104.335,184,104.34,177,104.345,1584,104.32
TF2409,,13:40:21.800#,104.21,104.325,104.17,105.34,102.85,36979,128401,104.3,1615,104.305,308,104.31,255,104.315,208,104.32,116,104.325,29,104.33,205,104.335,184,104.34,177,104.345,1584,104.32
TF2409,,13:40:22.300#,104.21,104.325,104.17,105.34,102.85,36979,128401,104.3,1615,104.305,308,104.31,255,104.315,208,104.32,117,104.325,29,104.33,205,104.335,184,104.34,177,104.345,1584,104.32
TF2409,,13:40:22.800#,104.21,104.325,104.17,105.34,102.85,36979,128401,104.3,1615,104.305,308,104.31,255,104.315,208,104.32,118,104.325,31,104.33,203,104.335,184,104.34,177,104.345,1584,104.32
TF2409,,13:40:26.800#,104.21,104.325,104.17,105.34,102.85,36980,128402,104.3,1615,104.305,308,104.31,255,104.315,208,104.32,118,104.325,30,104.33,203,104.335,184,104.34,177,104.345,1584,104.325
TF2409,,13:40:27.300#,104.21,104.325,104.17,105.34,102.85,36980,128402,104.3,1615,104.305,308,104.31,255,104.315,208,104.32,106,104.325,28,104.33,203,104.335,184,104.34,177,104.345,1584,104.325
TF2409,,13:40:27.800#,104.21,104.325,104.17,105.34,102.85,36999,128398,104.3,1615,104.305,308,104.31,255,104.315,220,104.32,93,104.325,31,104.33,205,104.335,184,104.34,177,104.345,1584,104.32
TF2409,,13:40:28.300#,104.21,104.325,104.17,105.34,102.85,36999,128398,104.3,1615,104.305,308,104.31,255,104.315,208,104.32,115,104.325,31,104.33,205,104.335,184,104.34,177,104.345,1584,104.32
TF2409,,13:40:28.800#,104.21,104.325,104.17,105.34,102.85,36999,128398,104.3,1615,104.305,308,104.31,255,104.315,208,104.32,121,104.325,31,104.33,205,104.335,184,104.34,177,104.345,1584,104.32
TF2409,,13:40:32.800#,104.21,104.325,104.17,105.34,102.85,36999,128398,104.3,1615,104.305,308,104.31,255,104.315,208,104.32,121,104.325,41,104.33,205,104.335,184,104.34,177,104.345,1584,104.32
TF2409,,13:40:33.300#,104.21,104.325,104.17,105.34,102.85,37000,128398,104.3,1615,104.305,308,104.31,255,104.315,208,104.32,120,104.325,31,104.33,205,104.335,184,104.34,177,104.345,1584,104.32
TF2409,,13:40:33.800#,104.21,104.325,104.17,105.34,102.85,37000,128398,104.3,1605,104.305,308,104.31,255,104.315,208,104.32,120,104.325,31,104.33,205,104.335,184,104.34,177,104.345,1584,104.32
TF2409,,13:40:34.300#,104.21,104.325,104.17,105.34,102.85,37000,128398,104.3,1615,104.305,308,104.31,255,104.315,208,104.32,120,104.325,41,104.33,205,104.335,184,104.34,177,104.345,1584,104.32
TF2409,,13:40:34.800#,104.21,104.325,104.17,105.34,102.85,37020,128412,104.3,1615,104.305,308,104.31,255,104.315,208,104.32,121,104.325,15,104.33,203,104.335,184,104.34,177,104.345,1584,104.325
TF2409,,13:40:35.300#,104.21,104.325,104.17,105.34,102.85,37037,128428,104.305,308,104.31,255,104.315,208,104.32,111,104.325,7,104.33,203,104.335,184,104.34,177,104.345,1584,104.35,39,104.325
TF2409,,13:40:35.800#,104.21,104.325,104.17,105.34,102.85,37066,128420,104.3,209,104.305,1586,104.31,313,104.315,186,104.32,200,104.325,18,104.33,103,104.335,206,104.34,119,104.345,306,104.32
TF2409,,13:40:36.300#,104.21,104.325,104.17,105.34,102.85,37066,128420,104.3,1225,104.305,698,104.31,255,104.315,198,104.32,134,104.325,28,104.33,197,104.335,204,104.34,177,104.345,1194,104.32
TF2409,,13:40:36.800#,104.21,104.325,104.17,105.34,102.85,37066,128420,104.3,1225,104.305,698,104.31,255,104.315,188,104.32,134,104.325,37,104.33,194,104.335,194,104.34,177,104.345,1194,104.32
TF2409,,13:40:37.300#,104.21,104.325,104.17,105.34,102.85,37066,128420,104.3,1225,104.305,698,104.31,255,104.315,198,104.32,134,104.325,35,104.33,207,104.335,194,104.34,177,104.345,1194,104.32
TF2409,,13:40:37.800#,104.21,104.325,104.17,105.34,102.85,37066,128420,104.3,1615,104.305,308,104.31,255,104.315,208,104.32,126,104.325,37,104.33,215,104.335,184,104.34,177,104.345,1584,104.32
TF2409,,13:40:38.300#,104.21,104.325,104.17,105.34,102.85,37069,128420,104.3,1615,104.305,308,104.31,255,104.315,208,104.32,126,104.325,34,104.33,215,104.335,184,104.34,177,104.345,1584,104.325
TF2409,,13:40:38.800#,104.21,104.325,104.17,105.34,102.85,37069,128420,104.3,1615,104.305,308,104.31,255,104.315,208,104.32,114,104.325,34,104.33,215,104.335,184,104.34,177,104.345,1584,104.325
TF2409,,13:40:39.300#,104.21,104.325,104.17,105.34,102.85,37069,128420,104.3,1615,104.305,308,104.31,255,104.315,220,104.32,114,104.325,34,104.33,215,104.335,184,104.34,177,104.345,1584,104.325
TF2409,,13:40:41.300#,104.21,104.325,104.17,105.34,102.85,37075,128424,104.3,1615,104.305,308,104.31,255,104.315,220,104.32,104,104.325,18,104.33,215,104.335,184,104.34,177,104.345,1584,104.325
TF2409,,13:40:41.800#,104.21,104.325,104.17,105.34,102.85,37106,128435,104.3,1615,104.305,308,104.31,255,104.315,220,104.32,107,104.325,13,104.33,215,104.335,184,104.34,177,104.345,1584,104.325
TF2409,,13:40:42.300#,104.21,104.325,104.17,105.34,102.85,37116,128435,104.3,1615,104.305,308,104.31,255,104.315,220,104.32,117,104.325,14,104.33,215,104.335,184,104.34,177,104.345,1584,104.325
TF2409,,13:40:43.800#,104.21,104.325,104.17,105.34,102.85,37116,128435,104.3,1615,104.305,308,104.31,255,104.315,220,104.32,117,104.325,15,104.33,215,104.335,184,104.34,177,104.345,1584,104.325
TF2409,,13:40:44.800#,104.21,104.325,104.17,105.34,102.85,37132,128448,104.305,308,104.31,255,104.315,220,104.32,106,104.325,17,104.33,215,104.335,184,104.34,177,104.345,1584,104.35,39,104.325
TF2409,,13:40:45.300#,104.21,104.325,104.17,105.34,102.85,37177,128433,104.3,599,104.305,1196,104.31,303,104.315,196,104.32,192,104.325,10,104.33,111,104.335,196,104.34,119,104.345,696,104.325
TF2409,,13:40:45.800#,104.21,104.325,104.17,105.34,102.85,37200,128450,104.3,1615,104.305,308,104.31,245,104.315,208,104.32,98,104.325,22,104.33,206,104.335,194,104.34,177,104.345,1584,104.325
TF2409,,13:40:46.300#,104.21,104.325,104.17,105.34,102.85,37210,128440,104.3,1615,104.305,308,104.31,256,104.315,199,104.32,102,104.325,24,104.33,195,104.335,184,104.34,177,104.345,1584,104.325
TF2409,,13:40:46.800#,104.21,104.325,104.17,105.34,102.85,37210,128440,104.3,1615,104.305,308,104.31,256,104.315,209,104.32,112,104.325,24,104.33,215,104.335,184,104.34,177,104.345,1584,104.325
TF2409,,13:40:47.300#,104.21,104.325,104.17,105.34,102.85,37210,128440,104.3,1615,104.305,308,104.31,245,104.315,220,104.32,112,104.325,23,104.33,216,104.335,184,104.34,177,104.345,1584,104.325
TF2409,,13:40:47.800#,104.21,104.325,104.17,105.34,102.85,37210,128440,104.3,1615,104.305,308,104.31,244,104.315,220,104.32,112,104.325,23,104.33,216,104.335,184,104.34,177,104.345,1584,104.325
TF2409,,13:40:49.800#,104.21,104.325,104.17,105.34,102.85,37211,128440,104.3,1615,104.305,308,104.31,244,104.315,220,104.32,112,104.325,22,104.33,216,104.335,184,104.34,177,104.345,1584,104.325
TF2409,,13:40:51.300#,104.21,104.325,104.17,105.34,102.85,37211,128440,104.3,1615,104.305,308,104.31,243,104.315,220,104.32,112,104.325,22,104.33,216,104.335,184,104.34,177,104.345,1584,104.325
TF2409,,13:40:52.300#,104.21,104.325,104.17,105.34,102.85,37211,128440,104.3,1615,104.305,308,104.31,243,104.315,220,104.32,110,104.325,22,104.33,216,104.335,184,104.34,177,104.345,1584,104.325
TF2409,,13:40:56.800#,104.21,104.325,104.17,105.34,102.85,37211,128440,104.3,1615,104.305,308,104.31,243,104.315,216,104.32,110,104.325,22,104.33,216,104.335,184,104.34,177,104.345,1584,104.325
TF2409,,13:40:57.300#,104.21,104.325,104.17,105.34,102.85,37211,128440,104.3,1615,104.305,308,104.31,243,104.315,204,104.32,122,104.325,22,104.33,216,104.335,184,104.34,177,104.345,1584,104.325
TF2409,,13:40:57.800#,104.21,104.325,104.17,105.34,102.85,37211,128440,104.3,1615,104.305,308,104.31,243,104.315,197,104.32,122,104.325,22,104.33,216,104.335,184,104.34,177,104.345,1584,104.325
TF2409,,13:40:58.800#,104.21,104.325,104.17,105.34,102.85,37211,128440,104.3,1615,104.305,308,104.31,243,104.315,197,104.32,122,104.325,22,104.33,236,104.335,174,104.34,177,104.345,1584,104.325
TF2409,,13:41:07.300#,104.21,104.325,104.17,105.34,102.85,37212,128440,104.3,1615,104.305,308,104.31,243,104.315,197,104.32,122,104.325,21,104.33,236,104.335,174,104.34,177,104.345,1584,104.325
TF2409,,13:41:08.300#,104.21,104.325,104.17,105.34,102.85,37212,128440,104.3,1615,104.305,308,104.31,243,104.315,206,104.32,122,104.325,21,104.33,237,104.335,174,104.34,177,104.345,1584,104.325
TF2409,,13:41:17.800#,104.21,104.325,104.17,105.34,102.85,37213,128440,104.3,1615,104.305,308,104.31,243,104.315,208,104.32,121,104.325,25,104.33,237,104.335,174,104.34,177,104.345,1584,104.32
TF2409,,13:41:18.300#,104.21,104.325,104.17,105.34,102.85,37213,128440,104.3,1615,104.305,308,104.31,243,104.315,208,104.32,121,104.325,27,104.33,237,104.335,174,104.34,177,104.345,1584,104.32
TF2409,,13:41:20.800#,104.21,104.325,104.17,105.34,102.85,37239,128452,104.305,308,104.31,243,104.315,208,104.32,114,104.325,3,104.33,237,104.335,174,104.34,177,104.345,1584,104.35,39,104.325
TF2409,,13:41:21.300#,104.21,104.325,104.17,105.34,102.85,37250,128449,104.3,599,104.305,1001,104.31,301,104.315,196,104.32,188,104.33,133,104.335,186,104.34,119,104.345,696,104.35,860,104.325
TF2409,,13:41:21.800#,104.21,104.325,104.17,105.34,102.85,37251,128449,104.3,1310,104.305,398,104.31,263,104.315,187,104.32,133,104.325,12,104.33,128,104.335,216,104.34,129,104.345,346,104.325
TF2409,,13:41:22.300#,104.21,104.325,104.17,105.34,102.85,37266,128461,104.305,308,104.31,243,104.315,219,104.32,106,104.325,15,104.33,226,104.335,185,104.34,177,104.345,1194,104.35,430,104.325
TF2409,,13:41:22.800#,104.21,104.325,104.17,105.34,102.85,37312,128441,104.3,599,104.305,1196,104.31,301,104.315,196,104.32,189,104.325,15,104.33,128,104.335,196,104.34,119,104.345,306,104.325
TF2409,,13:41:23.300#,104.21,104.325,104.17,105.34,102.85,37336,128453,104.3,1615,104.305,308,104.31,243,104.315,208,104.32,107,104.325,30,104.33,230,104.335,184,104.34,177,104.345,1194,104.325
TF2409,,13:41:23.800#,104.21,104.325,104.17,105.34,102.85,37336,128453,104.3,1615,104.305,308,104.31,243,104.315,210,104.32,111,104.325,45,104.33,218,104.335,174,104.34,177,104.345,1584,104.325
TF2409,,13:41:24.300#,104.21,104.325,104.17,105.34,102.85,37341,128453,104.3,1615,104.305,308,104.31,254,104.315,209,104.32,111,104.325,32,104.33,237,104.335,174,104.34,177,104.345,1584,104.325
TF2409,,13:41:24.800#,104.21,104.325,104.17,105.34,102.85,37341,128453,104.3,1615,104.305,308,104.31,243,104.315,220,104.32,111,104.325,31,104.33,238,104.335,174,104.34,177,104.345,1584,104.325
TF2409,,13:41:28.800#,104.21,104.325,104.17,105.34,102.85,37351,128453,104.3,1615,104.305,308,104.31,243,104.315,220,104.32,111,104.325,21,104.33,238,104.335,174,104.34,177,104.345,1584,104.325
TF2409,,13:41:29.300#,104.21,104.325,104.17,105.34,102.85,37372,128447,104.305,308,104.31,243,104.315,220,104.32,104,104.325,14,104.33,238,104.335,174,104.34,177,104.345,1584,104.35,40,104.325
TF2409,,13:41:29.800#,104.21,104.325,104.17,105.34,102.85,37376,128448,104.305,1586,104.31,301,104.315,186,104.32,199,104.325,39,104.33,136,104.335,198,104.34,119,104.345,306,104.35,1446,104.325
TF2409,,13:41:30.300#,104.21,104.325,104.17,105.34,102.85,37380,128447,104.305,1586,104.31,301,104.315,176,104.32,188,104.325,37,104.33,126,104.335,197,104.34,130,104.345,306,104.35,1447,104.325
TF2409,,13:41:30.800#,104.21,104.325,104.17,105.34,102.85,37383,128447,104.305,1586,104.31,301,104.315,176,104.32,208,104.325,34,104.33,134,104.335,209,104.34,130,104.345,306,104.35,1447,104.325
TF2409,,13:41:31.300#,104.21,104.325,104.17,105.34,102.85,37386,128448,104.305,1586,104.31,301,104.315,176,104.32,206,104.325,33,104.33,132,104.335,209,104.34,130,104.345,306,104.35,1447,104.325
TF2409,,13:41:31.800#,104.21,104.325,104.17,105.34,102.85,37387,128449,104.305,1586,104.31,301,104.315,176,104.32,206,104.325,32,104.33,131,104.335,211,104.34,130,104.345,306,104.35,1447,104.325
TF2409,,13:41:32.300#,104.21,104.325,104.17,105.34,102.85,37389,128451,104.305,1586,104.31,301,104.315,176,104.32,206,104.325,30,104.33,131,104.335,211,104.34,130,104.345,306,104.35,1447,104.325
TF2409,,13:41:32.800#,104.21,104.33,104.17,105.34,102.85,37390,128452,104.305,1586,104.31,301,104.315,176,104.32,207,104.325,30,104.33,130,104.335,222,104.34,119,104.345,306,104.35,1447,104.33
TF2409,,13:41:33.300#,104.21,104.33,104.17,105.34,102.85,37390,128452,104.305,1736,104.31,301,104.315,176,104.32,207,104.325,29,104.33,132,104.335,220,104.34,119,104.345,156,104.35,1447,104.33
TF2409,,13:41:33.800#,104.21,104.33,104.17,105.34,102.85,37390,128452,104.305,1736,104.31,301,104.315,176,104.32,209,104.325,29,104.33,132,104.335,220,104.34,119,104.345,156,104.35,1447,104.33
TF2409,,13:41:34.800#,104.21,104.33,104.17,105.34,102.85,37390,128452,104.305,1736,104.31,301,104.315,176,104.32,209,104.325,33,104.33,132,104.335,220,104.34,119,104.345,156,104.35,1447,104.33
TF2409,,13:41:37.800#,104.21,104.33,104.17,105.34,102.85,37390,128452,104.305,1736,104.31,301,104.315,176,104.32,209,104.325,33,104.33,132,104.335,221,104.34,119,104.345,156,104.35,1447,104.33
TF2409,,13:41:38.300#,104.21,104.33,104.17,105.34,102.85,37390,128452,104.305,1736,104.31,298,104.315,173,104.32,215,104.325,33,104.33,132,104.335,221,104.34,119,104.345,156,104.35,1447,104.33
TF2409,,13:41:39.300#,104.21,104.33,104.17,105.34,102.85,37390,128452,104.305,1736,104.31,298,104.315,175,104.32,215,104.325,33,104.33,132,104.335,221,104.34,119,104.345,156,104.35,1447,104.33
TF2409,,13:41:39.800#,104.21,104.33,104.17,105.34,102.85,37390,128452,104.305,1736,104.31,298,104.315,175,104.32,213,104.325,35,104.33,130,104.335,221,104.34,119,104.345,156,104.35,1447,104.33
TF2409,,13:41:40.300#,104.21,104.33,104.17,105.34,102.85,37390,128452,104.305,1736,104.31,298,104.315,175,104.32,213,104.325,35,104.33,130,104.335,223,104.34,119,104.345,156,104.35,1447,104.33
TF2409,,13:41:41.300#,104.21,104.33,104.17,105.34,102.85,37390,128452,104.305,1736,104.31,298,104.315,175,104.32,213,104.325,41,104.33,130,104.335,223,104.34,119,104.345,156,104.35,1447,104.33
TF2409,,13:41:41.800#,104.21,104.33,104.17,105.34,102.85,37390,128452,104.305,1736,104.31,298,104.315,175,104.32,213,104.325,49,104.33,132,104.335,221,104.34,119,104.345,156,104.35,1447,104.33
TF2409,,13:41:42.300#,104.21,104.33,104.17,105.34,102.85,37393,128452,104.305,1736,104.31,298,104.315,175,104.32,215,104.325,53,104.33,129,104.335,221,104.34,119,104.345,156,104.35,1447,104.33
TF2409,,13:41:42.800#,104.21,104.33,104.17,105.34,102.85,37396,128452,104.305,1736,104.31,298,104.315,175,104.32,215,104.325,58,104.33,126,104.335,221,104.34,119,104.345,156,104.35,1447,104.33
TF2409,,13:41:43.300#,104.21,104.33,104.17,105.34,102.85,37399,128452,104.305,1736,104.31,298,104.315,175,104.32,215,104.325,61,104.33,122,104.335,231,104.34,119,104.345,156,104.35,1447,104.33
TF2409,,13:41:43.800#,104.21,104.33,104.17,105.34,102.85,37402,128451,104.305,1736,104.31,298,104.315,175,104.32,205,104.325,63,104.33,119,104.335,221,104.34,119,104.345,156,104.35,1447,104.33
TF2409,,13:41:44.300#,104.21,104.33,104.17,105.34,102.85,37405,128451,104.305,1736,104.31,298,104.315,175,104.32,215,104.325,66,104.33,116,104.335,231,104.34,119,104.345,156,104.35,1447,104.33
TF2409,,13:41:44.800#,104.21,104.33,104.17,105.34,102.85,37405,128451,104.305,1738,104.31,298,104.315,175,104.32,203,104.325,83,104.33,112,104.335,231,104.34,119,104.345,156,104.35,1447,104.33
TF2409,,13:41:45.300#,104.21,104.33,104.17,105.34,102.85,37405,128451,104.305,1738,104.31,298,104.315,175,104.32,201,104.325,84,104.33,112,104.335,233,104.34,119,104.345,156,104.35,1447,104.33
TF2409,,13:41:45.800#,104.21,104.33,104.17,105.34,102.85,37405,128451,104.305,1738,104.31,298,104.315,175,104.32,201,104.325,84,104.33,112,104.335,233,104.34,119,104.345,156,104.35,1437,104.33
TF2409,,13:41:46.300#,104.21,104.33,104.17,105.34,102.85,37406,128451,104.305,1738,104.31,298,104.315,175,104.32,201,104.325,83,104.33,112,104.335,233,104.34,119,104.345,156,104.35,1447,104.325
TF2409,,13:41:46.800#,104.21,104.33,104.17,105.34,102.85,37406,128451,104.305,1738,104.31,298,104.315,175,104.32,201,104.325,83,104.33,112,104.335,233,104.34,119,104.345,156,104.35,1597,104.325
TF2409,,13:41:47.300#,104.21,104.33,104.17,105.34,102.85,37406,128451,104.305,1738,104.31,288,104.315,175,104.32,201,104.325,83,104.33,112,104.335,233,104.34,119,104.345,156,104.35,1597,104.325
TF2409,,13:41:48.300#,104.21,104.33,104.17,105.34,102.85,37426,128453,104.305,1738,104.31,288,104.315,176,104.32,201,104.325,84,104.33,92,104.335,233,104.34,119,104.345,156,104.35,1597,104.33
TF2409,,13:41:48.800#,104.21,104.33,104.17,105.34,102.85,37426,128453,104.305,1738,104.31,288,104.315,176,104.32,201,104.325,84,104.33,70,104.335,233,104.34,119,104.345,156,104.35,1597,104.33
TF2409,,13:41:49.300#,104.21,104.33,104.17,105.34,102.85,37428,128453,104.305,1748,104.31,288,104.315,176,104.32,201,104.325,84,104.33,62,104.335,233,104.34,119,104.345,156,104.35,1587,104.33
TF2409,,13:41:49.800#,104.21,104.33,104.17,105.34,102.85,37428,128453,104.305,1748,104.31,289,104.315,176,104.32,201,104.325,84,104.33,63,104.335,233,104.34,120,104.345,156,104.35,1587,104.33
TF2409,,13:41:50.300#,104.21,104.33,104.17,105.34,102.85,37428,128453,104.305,1748,104.31,289,104.315,176,104.32,201,104.325,84,104.33,62,104.335,233,104.34,120,104.345,156,104.35,1587,104.33
TF2409,,13:41:50.800#,104.21,104.33,104.17,105.34,102.85,37428,128453,104.305,1553,104.31,289,104.315,176,104.32,201,104.325,87,104.33,65,104.335,233,104.34,120,104.345,156,104.35,1392,104.33
TF2409,,13:41:51.300#,104.21,104.33,104.17,105.34,102.85,37428,128453,104.305,1358,104.31,289,104.315,175,104.32,192,104.325,85,104.33,63,104.335,223,104.34,120,104.345,156,104.35,1197,104.33
TF2409,,13:41:51.800#,104.21,104.33,104.17,105.34,102.85,37428,128453,104.305,1358,104.31,289,104.315,175,104.32,192,104.325,85,104.33,64,104.335,223,104.34,120,104.345,156,104.35,1197,104.33
TF2409,,13:41:52.800#,104.21,104.33,104.17,105.34,102.85,37428,128453,104.305,1748,104.31,289,104.315,175,104.32,202,104.325,85,104.33,64,104.335,233,104.34,120,104.345,156,104.35,1587,104.33
TF2409,,13:41:53.300#,104.21,104.33,104.17,105.34,102.85,37428,128453,104.305,1748,104.31,289,104.315,175,104.32,202,104.325,89,104.33,64,104.335,233,104.34,120,104.345,156,104.35,1587,104.33
TF2409,,13:41:55.800#,104.21,104.33,104.17,105.34,102.85,37428,128453,104.305,1748,104.31,289,104.315,171,104.32,202,104.325,89,104.33,64,104.335,233,104.34,120,104.345,156,104.35,1587,104.33
TF2409,,13:41:57.800#,104.21,104.33,104.17,105.34,102.85,37428,128453,104.305,1748,104.31,289,104.315,164,104.32,202,104.325,89,104.33,64,104.335,233,104.34,120,104.345,156,104.35,1587,104.33
TF2409,,13:41:58.800#,104.21,104.33,104.17,105.34,102.85,37429,128453,104.305,1748,104.31,289,104.315,164,104.32,202,104.325,89,104.33,63,104.335,233,104.34,120,104.345,156,104.35,1587,104.33
TF2409,,13:42:01.300#,104.21,104.33,104.17,105.34,102.85,37430,128452,104.305,1748,104.31,289,104.315,164,104.32,202,104.325,89,104.33,62,104.335,233,104.34,120,104.345,156,104.35,1587,104.33
TF2409,,13:42:01.800#,104.21,104.33,104.17,105.34,102.85,37431,128451,104.305,1748,104.31,289,104.315,164,104.32,211,104.325,89,104.33,61,104.335,233,104.34,120,104.345,156,104.35,1587,104.33
TF2409,,13:42:02.300#,104.21,104.33,104.17,105.34,102.85,37431,128451,104.305,1748,104.31,289,104.315,164,104.32,213,104.325,89,104.33,61,104.335,233,104.34,120,104.345,156,104.35,1587,104.33
TF2409,,13:42:02.800#,104.21,104.33,104.17,105.34,102.85,37431,128451,104.305,1748,104.31,289,104.315,164,104.32,213,104.325,89,104.33,61,104.335,235,104.34,120,104.345,156,104.35,1587,104.33
TF2409,,13:42:03.800#,104.21,104.33,104.17,105.34,102.85,37432,128451,104.305,1748,104.31,289,104.315,164,104.32,213,104.325,89,104.33,60,104.335,235,104.34,120,104.345,156,104.35,1587,104.33
TF2409,,13:42:06.800#,104.21,104.33,104.17,105.34,102.85,37432,128451,104.305,1748,104.31,289,104.315,164,104.32,209,104.325,89,104.33,60,104.335,235,104.34,120,104.345,156,104.35,1587,104.33
TF2409,,13:42:08.300#,104.21,104.33,104.17,105.34,102.85,37433,128452,104.305,1748,104.31,289,104.315,164,104.32,209,104.325,88,104.33,60,104.335,235,104.34,120,104.345,156,104.35,1587,104.325
TF2409,,13:42:08.800#,104.21,104.33,104.17,105.34,102.85,37433,128452,104.305,1748,104.31,289,104.315,164,104.32,209,104.325,95,104.33,60,104.335,235,104.34,120,104.345,156,104.35,1587,104.325
TF2409,,13:42:10.300#,104.21,104.33,104.17,105.34,102.85,37433,128452,104.305,1748,104.31,289,104.315,164,104.32,209,104.325,95,104.33,61,104.335,235,104.34,120,104.345,156,104.35,1587,104.325
TF2409,,13:42:13.800#,104.21,104.33,104.17,105.34,102.85,37434,128452,104.305,1748,104.31,289,104.315,164,104.32,209,104.325,94,104.33,61,104.335,235,104.34,120,104.345,156,104.35,1587,104.325
TF2409,,13:42:15.300#,104.21,104.33,104.17,105.34,102.85,37434,128452,104.305,1748,104.31,289,104.315,162,104.32,211,104.325,94,104.33,61,104.335,235,104.34,120,104.345,156,104.35,1587,104.325
TF2409,,13:42:15.800#,104.21,104.33,104.17,105.34,102.85,37434,128452,104.305,1748,104.31,285,104.315,163,104.32,214,104.325,94,104.33,61,104.335,235,104.34,120,104.345,156,104.35,1587,104.325
TF2409,,13:42:16.300#,104.21,104.33,104.17,105.34,102.85,37434,128452,104.305,1748,104.31,284,104.315,161,104.32,217,104.325,94,104.33,61,104.335,235,104.34,120,104.345,156,104.35,1587,104.325
TF2409,,13:42:16.800#,104.21,104.33,104.17,105.34,102.85,37434,128452,104.305,1748,104.31,284,104.315,161,104.32,217,104.325,94,104.33,51,104.335,235,104.34,120,104.345,156,104.35,1587,104.325
TF2409,,13:42:17.300#,104.21,104.33,104.17,105.34,102.85,37475,128459,104.305,1748,104.31,284,104.315,161,104.32,217,104.325,62,104.33,50,104.335,235,104.34,120,104.345,156,104.35,1587,104.325
TF2409,,13:42:17.800#,104.21,104.33,104.17,105.34,102.85,37475,128459,104.305,1748,104.31,284,104.315,161,104.32,217,104.325,72,104.33,68,104.335,235,104.34,120,104.345,156,104.35,1587,104.325
TF2409,,13:42:18.800#,104.21,104.33,104.17,105.34,102.85,37475,128459,104.305,1748,104.31,284,104.315,161,104.32,217,104.325,88,104.33,84,104.335,235,104.34,120,104.345,156,104.35,1587,104.325
TF2409,,13:42:22.300#,104.21,104.33,104.17,105.34,102.85,37475,128459,104.305,1748,104.31,284,104.315,161,104.32,217,104.325,88,104.33,96,104.335,235,104.34,120,104.345,156,104.35,1587,104.325
TF2409,,13:42:22.800#,104.21,104.33,104.17,105.34,102.85,37475,128459,104.305,1738,104.31,284,104.315,161,104.32,217,104.325,91,104.33,87,104.335,235,104.34,120,104.345,156,104.35,1597,104.325
TF2409,,13:42:23.300#,104.21,104.33,104.17,105.34,102.85,37475,128459,104.305,1748,104.31,284,104.315,161,104.32,217,104.325,91,104.33,89,104.335,233,104.34,120,104.345,156,104.35,1587,104.325
TF2409,,13:42:30.300#,104.21,104.33,104.17,105.34,102.85,37476,128460,104.305,1748,104.31,283,104.315,160,104.32,217,104.325,111,104.33,91,104.335,234,104.34,120,104.345,156,104.35,1587,104.33
TF2409,,13:42:30.800#,104.21,104.33,104.17,105.34,102.85,37476,128460,104.305,1748,104.31,283,104.315,160,104.32,217,104.325,111,104.33,80,104.335,234,104.34,120,104.345,156,104.35,1587,104.33
TF2409,,13:42:31.300#,104.21,104.33,104.17,105.34,102.85,37485,128461,104.305,1748,104.31,283,104.315,160,104.32,217,104.325,102,104.33,80,104.335,236,104.34,120,104.345,156,104.35,1587,104.325
TF2409,,13:42:31.800#,104.21,104.33,104.17,105.34,102.85,37486,128461,104.305,1748,104.31,283,104.315,160,104.32,217,104.325,101,104.33,80,104.335,236,104.34,120,104.345,156,104.35,1587,104.325
TF2409,,13:42:32.300#,104.21,104.33,104.17,105.34,102.85,37486,128461,104.305,1748,104.31,283,104.315,160,104.32,217,104.325,101,104.33,82,104.335,234,104.34,120,104.345,156,104.35,1587,104.325
TF2409,,13:42:32.800#,104.21,104.33,104.17,105.34,102.85,37486,128461,104.305,1748,104.31,283,104.315,160,104.32,217,104.325,102,104.33,82,104.335,234,104.34,120,104.345,156,104.35,1587,104.325
TF2409,,13:42:34.800#,104.21,104.33,104.17,105.34,102.85,37486,128461,104.305,1748,104.31,283,104.315,158,104.32,214,104.325,102,104.33,82,104.335,234,104.34,120,104.345,156,104.35,1587,104.325
TF2409,,13:42:35.300#,104.21,104.33,104.17,105.34,102.85,37490,128463,104.305,1748,104.31,283,104.315,158,104.32,214,104.325,107,104.33,78,104.335,234,104.34,120,104.345,156,104.35,1587,104.33
TF2409,,13:42:35.800#,104.21,104.33,104.17,105.34,102.85,37491,128463,104.305,1748,104.31,283,104.315,158,104.32,212,104.325,106,104.33,79,104.335,234,104.34,120,104.345,156,104.35,1587,104.325
TF2409,,13:42:36.300#,104.21,104.33,104.17,105.34,102.85,37491,128463,104.305,1748,104.31,283,104.315,158,104.32,211,104.325,106,104.33,77,104.335,234,104.34,120,104.345,156,104.35,1587,104.325
TF2409,,13:42:36.800#,104.21,104.33,104.17,105.34,102.85,37491,128463,104.305,1748,104.31,283,104.315,158,104.32,211,104.325,106,104.33,79,104.335,234,104.34,120,104.345,156,104.35,1587,104.325
TF2409,,13:42:40.800#,104.21,104.33,104.17,105.34,102.85,37491,128463,104.305,1748,104.31,283,104.315,158,104.32,211,104.325,106,104.33,87,104.335,234,104.34,120,104.345,156,104.35,1587,104.325
TF2409,,13:42:41.300#,104.21,104.33,104.17,105.34,102.85,37491,128463,104.305,1748,104.31,283,104.315,158,104.32,211,104.325,106,104.33,79,104.335,234,104.34,120,104.345,156,104.35,1587,104.325
TF2409,,13:42:47.800#,104.21,104.33,104.17,105.34,102.85,37491,128463,104.305,1748,104.31,283,104.315,158,104.32,212,104.325,106,104.33,79,104.335,234,104.34,120,104.345,156,104.35,1587,104.325
TF2409,,13:42:51.300#,104.21,104.33,104.17,105.34,102.85,37597,128504,104.3,47,104.305,1748,104.31,283,104.315,158,104.32,212,104.325,48,104.33,75,104.335,234,104.34,120,104.345,156,104.325
TF2409,,13:42:51.800#,104.21,104.33,104.17,105.34,102.85,37597,128504,104.3,1063,104.305,850,104.31,225,104.315,170,104.32,134,104.325,74,104.33,141,104.335,210,104.34,178,104.345,1044,104.325
TF2409,,13:42:52.300#,104.21,104.33,104.17,105.34,102.85,37597,128504,104.3,1063,104.305,850,104.31,236,104.315,159,104.32,139,104.325,71,104.33,140,104.335,200,104.34,178,104.345,1044,104.325
TF2409,,13:42:52.800#,104.21,104.33,104.17,105.34,102.85,37597,128504,104.3,1453,104.305,460,104.31,236,104.315,178,104.32,126,104.325,61,104.33,183,104.335,190,104.34,178,104.345,1434,104.325
TF2409,,13:42:53.300#,104.21,104.33,104.17,105.34,102.85,37597,128504,104.3,1463,104.305,460,104.31,236,104.315,178,104.32,124,104.325,61,104.33,183,104.335,190,104.34,178,104.345,1434,104.325
TF2409,,13:42:56.800#,104.21,104.33,104.17,105.34,102.85,37597,128504,104.3,1463,104.305,460,104.31,236,104.315,178,104.32,120,104.325,61,104.33,183,104.335,190,104.34,178,104.345,1434,104.325
TF2409,,13:42:57.300#,104.21,104.33,104.17,105.34,102.85,37597,128504,104.3,1463,104.305,460,104.31,225,104.315,189,104.32,120,104.325,60,104.33,184,104.335,190,104.34,178,104.345,1434,104.325
TF2409,,13:42:57.800#,104.21,104.33,104.17,105.34,102.85,37597,128504,104.3,1463,104.305,460,104.31,225,104.315,189,104.32,115,104.325,60,104.33,184,104.335,190,104.34,178,104.345,1434,104.325
TF2409,,13:42:58.300#,104.21,104.33,104.17,105.34,102.85,37597,128504,104.3,1463,104.305,460,104.31,225,104.315,189,104.32,113,104.325,60,104.33,184,104.335,190,104.34,178,104.345,1434,104.325
TF2409,,13:42:59.800#,104.21,104.33,104.17,105.34,102.85,37597,128504,104.3,1463,104.305,460,104.31,225,104.315,188,104.32,113,104.325,60,104.33,184,104.335,190,104.34,178,104.345,1434,104.325
TF2409,,13:43:00.300#,104.21,104.33,104.17,105.34,102.85,37597,128504,104.3,1463,104.305,460,104.31,226,104.315,188,104.32,113,104.325,60,104.33,184,104.335,190,104.34,178,104.345,1434,104.325
TF2409,,13:43:00.800#,104.21,104.33,104.17,105.34,102.85,37597,128504,104.3,1463,104.305,460,104.31,227,104.315,192,104.32,113,104.325,60,104.33,184,104.335,190,104.34,178,104.345,1434,104.325
TF2409,,13:43:01.300#,104.21,104.33,104.17,105.34,102.85,37597,128504,104.3,1463,104.305,460,104.31,227,104.315,195,104.32,113,104.325,60,104.33,184,104.335,190,104.34,178,104.345,1434,104.325
TF2409,,13:43:02.300#,104.21,104.33,104.17,105.34,102.85,37600,128504,104.3,1463,104.305,460,104.31,227,104.315,195,104.32,110,104.325,76,104.33,168,104.335,190,104.34,178,104.345,1434,104.32
TF2409,,13:43:02.800#,104.21,104.33,104.17,105.34,102.85,37601,128504,104.3,1463,104.305,310,104.31,238,104.315,195,104.32,109,104.325,77,104.33,168,104.335,190,104.34,178,104.345,1584,104.32
TF2409,,13:43:03.300#,104.21,104.33,104.17,105.34,102.85,37601,128504,104.3,1463,104.305,310,104.31,238,104.315,195,104.32,119,104.325,82,104.33,168,104.335,190,104.34,178,104.345,1584,104.32
TF2409,,13:43:03.800#,104.21,104.33,104.17,105.34,102.85,37601,128504,104.3,1463,104.305,310,104.31,238,104.315,195,104.32,113,104.325,83,104.33,168,104.335,190,104.34,178,104.345,1584,104.32
TF2409,,13:43:04.300#,104.21,104.33,104.17,105.34,102.85,37601,128504,104.3,1463,104.305,310,104.31,238,104.315,195,104.32,113,104.325,83,104.33,167,104.335,190,104.34,178,104.345,1584,104.32
TF2409,,13:43:05.800#,104.21,104.33,104.17,105.34,102.85,37601,128504,104.3,1463,104.305,310,104.31,238,104.315,195,104.32,113,104.325,93,104.33,167,104.335,190,104.34,178,104.345,1584,104.32
TF2409,,13:43:06.300#,104.21,104.33,104.17,105.34,102.85,37601,128504,104.3,1463,104.305,310,104.31,238,104.315,195,104.32,112,104.325,83,104.33,167,104.335,190,104.34,178,104.345,1584,104.32
TF2409,,13:43:06.800#,104.21,104.33,104.17,105.34,102.85,37601,128504,104.3,1463,104.305,310,104.31,238,104.315,195,104.32,112,104.325,83,104.33,168,104.335,190,104.34,178,104.345,1584,104.32
TF2409,,13:43:07.800#,104.21,104.33,104.17,105.34,102.85,37601,128504,104.3,1463,104.305,310,104.31,238,104.315,195,104.32,112,104.325,84,104.33,168,104.335,190,104.34,178,104.345,1584,104.32
TF2409,,13:43:08.800#,104.21,104.33,104.17,105.34,102.85,37651,128498,104.3,1463,104.305,310,104.31,238,104.315,195,104.32,62,104.325,84,104.33,168,104.335,190,104.34,178,104.345,1584,104.32
TF2409,,13:43:09.300#,104.21,104.33,104.17,105.34,102.85,37651,128498,104.3,1453,104.305,310,104.31,238,104.315,195,104.32,51,104.325,86,104.33,168,104.335,190,104.34,178,104.345,1594,104.32
TF2409,,13:43:09.800#,104.21,104.33,104.17,105.34,102.85,37651,128498,104.3,1453,104.305,310,104.31,238,104.315,205,104.32,51,104.325,86,104.33,168,104.335,190,104.34,178,104.345,1594,104.32
TF2409,,13:43:10.300#,104.21,104.33,104.17,105.34,102.85,37651,128498,104.3,1453,104.305,310,104.31,238,104.315,205,104.32,52,104.325,86,104.33,168,104.335,190,104.34,178,104.345,1594,104.32
TF2409,,13:43:21.300#,104.21,104.33,104.17,105.34,102.85,37651,128498,104.3,1463,104.305,310,104.31,235,104.315,205,104.32,86,104.325,79,104.33,170,104.335,190,104.34,178,104.345,1584,104.32
TF2409,,13:43:22.300#,104.21,104.33,104.17,105.34,102.85,37651,128498,104.3,1463,104.305,310,104.31,235,104.315,205,104.32,87,104.325,80,104.33,170,104.335,190,104.34,178,104.345,1584,104.32
TF2409,,13:43:23.300#,104.21,104.33,104.17,105.34,102.85,37651,128498,104.3,1463,104.305,310,104.31,235,104.315,205,104.32,89,104.325,80,104.33,170,104.335,190,104.34,178,104.345,1584,104.32
TF2409,,13:43:33.300#,104.21,104.33,104.17,105.34,102.85,37652,128499,104.3,1613,104.305,310,104.31,235,104.315,195,104.32,100,104.325,63,104.33,170,104.335,190,104.34,178,104.345,1584,104.325
TF2409,,13:43:34.300#,104.21,104.33,104.17,105.34,102.85,37652,128499,104.3,1613,104.305,310,104.31,235,104.315,245,104.32,100,104.325,63,104.33,170,104.335,190,104.34,178,104.345,1584,104.325
TF2409,,13:43:34.800#,104.21,104.33,104.17,105.34,102.85,37652,128499,104.3,1613,104.305,310,104.31,235,104.315,235,104.32,100,104.325,73,104.33,160,104.335,190,104.34,178,104.345,1584,104.325
TF2409,,13:43:35.300#,104.21,104.33,104.17,105.34,102.85,37652,128499,104.3,1613,104.305,310,104.31,235,104.315,245,104.32,100,104.325,63,104.33,170,104.335,190,104.34,178,104.345,1584,104.325
TF2409,,13:43:36.300#,104.21,104.33,104.17,105.34,102.85,37653,128500,104.3,1613,104.305,310,104.31,235,104.315,245,104.32,99,104.325,62,104.33,170,104.335,190,104.34,178,104.345,1584,104.325
TF2409,,13:43:39.300#,104.21,104.33,104.17,105.34,102.85,37728,128489,104.305,1588,104.31,293,104.315,208,104.32,186,104.325,36,104.33,91,104.335,211,104.34,131,104.345,306,104.35,1447,104.33
TF2409,,13:43:44.800#,104.21,104.33,104.17,105.34,102.85,37728,128489,104.305,1738,104.31,293,104.315,205,104.32,190,104.325,43,104.33,90,104.335,234,104.34,120,104.345,156,104.35,1447,104.33
TF2409,,13:43:45.300#,104.21,104.33,104.17,105.34,102.85,37728,128489,104.305,1738,104.31,293,104.315,205,104.32,190,104.325,36,104.33,80,104.335,234,104.34,120,104.345,156,104.35,1447,104.33
TF2409,,13:43:49.800#,104.21,104.33,104.17,105.34,102.85,37728,128489,104.305,1738,104.31,293,104.315,205,104.32,190,104.325,39,104.33,80,104.335,234,104.34,120,104.345,156,104.35,1447,104.33
TF2409,,13:43:51.800#,104.21,104.33,104.17,105.34,102.85,37728,128489,104.305,1738,104.31,293,104.315,205,104.32,187,104.325,39,104.33,80,104.335,234,104.34,120,104.345,156,104.35,1447,104.33
TF2409,,13:43:55.800#,104.21,104.33,104.17,105.34,102.85,37728,128489,104.305,1738,104.31,289,104.315,205,104.32,187,104.325,39,104.33,80,104.335,234,104.34,120,104.345,156,104.35,1447,104.33
TF2409,,13:43:57.300#,104.21,104.33,104.17,105.34,102.85,37729,128490,104.305,1738,104.31,289,104.315,205,104.32,187,104.325,39,104.33,79,104.335,234,104.34,120,104.345,156,104.35,1447,104.33
TF2409,,13:43:57.800#,104.21,104.33,104.17,105.34,102.85,37729,128490,104.305,1738,104.31,282,104.315,205,104.32,187,104.325,39,104.33,79,104.335,234,104.34,120,104.345,156,104.35,1447,104.33
TF2409,,13:43:58.300#,104.21,104.33,104.17,105.34,102.85,37729,128490,104.305,1738,104.31,282,104.315,205,104.32,187,104.325,49,104.33,79,104.335,234,104.34,120,104.345,156,104.35,1447,104.33
TF2409,,13:43:59.800#,104.21,104.33,104.17,105.34,102.85,37730,128491,104.305,1738,104.31,282,104.315,205,104.32,187,104.325,49,104.33,78,104.335,234,104.34,120,104.345,156,104.35,1447,104.33
TF2409,,13:44:05.800#,104.21,104.33,104.17,105.34,102.85,37730,128491,104.305,1738,104.31,283,104.315,205,104.32,187,104.325,49,104.33,78,104.335,234,104.34,120,104.345,156,104.35,1447,104.33
TF2409,,13:44:07.300#,104.21,104.33,104.17,105.34,102.85,37730,128491,104.305,1738,104.31,283,104.315,205,104.32,187,104.325,49,104.33,88,104.335,234,104.34,120,104.345,156,104.35,1447,104.33
TF2409,,13:44:07.800#,104.21,104.33,104.17,105.34,102.85,37730,128491,104.305,1738,104.31,283,104.315,205,104.32,187,104.325,49,104.33,78,104.335,234,104.34,120,104.345,156,104.35,1447,104.33
TF2409,,13:44:15.800#,104.21,104.33,104.17,105.34,102.85,37731,128492,104.305,1738,104.31,283,104.315,205,104.32,187,104.325,49,104.33,77,104.335,234,104.34,120,104.345,156,104.35,1447,104.33
TF2409,,13:44:16.300#,104.21,104.33,104.17,105.34,102.85,37731,128492,104.305,1738,104.31,283,104.315,205,104.32,196,104.325,49,104.33,77,104.335,234,104.34,120,104.345,156,104.35,1447,104.33
TF2409,,13:44:16.800#,104.21,104.33,104.17,105.34,102.85,37731,128492,104.305,1738,104.31,283,104.315,205,104.32,196,104.325,49,104.33,77,104.335,235,104.34,120,104.345,156,104.35,1447,104.33
TF2409,,13:44:17.300#,104.21,104.33,104.17,105.34,102.85,37732,128492,104.305,1738,104.31,283,104.315,205,104.32,196,104.325,49,104.33,76,104.335,235,104.34,120,104.345,156,104.35,1447,104.33
TF2409,,13:44:17.800#,104.21,104.33,104.17,105.34,102.85,37732,128492,104.305,1738,104.31,283,104.315,205,104.32,199,104.325,47,104.33,78,104.335,233,104.34,120,104.345,156,104.35,1447,104.33
TF2409,,13:44:18.300#,104.21,104.33,104.17,105.34,102.85,37732,128492,104.305,1738,104.31,283,104.315,205,104.32,201,104.325,47,104.33,78,104.335,233,104.34,120,104.345,156,104.35,1447,104.33
TF2409,,13:44:18.800#,104.21,104.33,104.17,105.34,102.85,37733,128492,104.305,1738,104.31,283,104.315,205,104.32,201,104.325,47,104.33,77,104.335,233,104.34,120,104.345,156,104.35,1447,104.33
TF2409,,13:44:20.300#,104.21,104.33,104.17,105.34,102.85,37734,128492,104.305,1738,104.31,283,104.315,205,104.32,201,104.325,47,104.33,76,104.335,233,104.34,120,104.345,156,104.35,1447,104.33
TF2409,,13:44:21.800#,104.21,104.33,104.17,105.34,102.85,37734,128492,104.305,1738,104.31,283,104.315,202,104.32,201,104.325,47,104.33,76,104.335,233,104.34,120,104.345,156,104.35,1447,104.33
TF2409,,13:44:22.300#,104.21,104.33,104.17,105.34,102.85,37734,128492,104.305,1738,104.31,282,104.315,202,104.32,205,104.325,47,104.33,76,104.335,233,104.34,120,104.345,156,104.35,1447,104.33
TF2409,,13:44:25.800#,104.21,104.33,104.17,105.34,102.85,37738,128495,104.305,1738,104.31,282,104.315,202,104.32,205,104.325,43,104.33,76,104.335,233,104.34,120,104.345,156,104.35,1447,104.325
TF2409,,13:44:26.300#,104.21,104.33,104.17,105.34,102.85,37738,128495,104.305,1738,104.31,282,104.315,202,104.32,203,104.325,45,104.33,74,104.335,233,104.34,120,104.345,156,104.35,1597,104.325
TF2409,,13:44:26.800#,104.21,104.33,104.17,105.34,102.85,37738,128495,104.305,1738,104.31,282,104.315,202,104.32,203,104.325,45,104.33,76,104.335,233,104.34,120,104.345,156,104.35,1597,104.325
TF2409,,13:44:44.300#,104.21,104.33,104.17,105.34,102.85,37741,128495,104.305,1739,104.31,281,104.315,202,104.32,203,104.325,42,104.33,76,104.335,233,104.34,120,104.345,156,104.35,1597,104.325
TF2409,,13:44:44.800#,104.21,104.33,104.17,105.34,102.85,37741,128495,104.305,1739,104.31,281,104.315,202,104.32,203,104.325,43,104.33,76,104.335,233,104.34,120,104.345,156,104.35,1597,104.325
TF2409,,13:44:45.800#,104.21,104.33,104.17,105.34,102.85,37783,128478,104.3,59,104.305,1739,104.31,281,104.315,202,104.32,203,104.325,11,104.33,66,104.335,233,104.34,120,104.345,156,104.325
TF2409,,13:44:46.300#,104.21,104.33,104.17,105.34,102.85,37812,128488,104.3,1075,104.305,851,104.31,223,104.315,214,104.32,117,104.325,11,104.33,150,104.335,221,104.34,178,104.345,1044,104.325
TF2409,,13:44:46.800#,104.21,104.33,104.17,105.34,102.85,37834,128499,104.305,617,104.31,234,104.315,213,104.32,112,104.325,10,104.33,156,104.335,190,104.34,178,104.345,1278,104.35,347,104.325
TF2409,,13:44:47.300#,104.21,104.33,104.17,105.34,102.85,37834,128499,104.305,1054,104.31,272,104.315,222,104.32,178,104.325,45,104.33,84,104.335,191,104.34,120,104.345,546,104.35,912,104.325
TF2409,,13:44:47.800#,104.21,104.33,104.17,105.34,102.85,37834,128499,104.305,1154,104.31,281,104.315,212,104.32,179,104.325,47,104.33,83,104.335,206,104.34,120,104.345,556,104.35,973,104.325
TF2409,,13:44:48.300#,104.21,104.33,104.17,105.34,102.85,37834,128499,104.305,1349,104.31,281,104.315,212,104.32,189,104.325,47,104.33,83,104.335,216,104.34,120,104.345,556,104.35,1207,104.325
TF2409,,13:44:48.800#,104.21,104.33,104.17,105.34,102.85,37834,128499,104.305,1739,104.31,281,104.315,202,104.32,199,104.325,47,104.33,73,104.335,226,104.34,120,104.345,166,104.35,1597,104.325
TF2409,,13:44:49.300#,104.21,104.33,104.17,105.34,102.85,37834,128499,104.305,1739,104.31,281,104.315,202,104.32,199,104.325,47,104.33,68,104.335,226,104.34,120,104.345,166,104.35,1597,104.325
TF2409,,13:44:54.800#,104.21,104.33,104.17,105.34,102.85,37834,128499,104.305,1739,104.31,281,104.315,202,104.32,199,104.325,57,104.33,68,104.335,226,104.34,120,104.345,166,104.35,1597,104.325
TF2409,,13:44:55.300#,104.21,104.33,104.17,105.34,102.85,37834,128499,104.305,1739,104.31,281,104.315,202,104.32,197,104.325,75,104.33,74,104.335,226,104.34,120,104.345,166,104.35,1597,104.325
TF2409,,13:44:55.800#,104.21,104.33,104.17,105.34,102.85,37834,128499,104.305,1749,104.31,281,104.315,203,104.32,199,104.325,68,104.33,66,104.335,226,104.34,120,104.345,166,104.35,1587,104.325
TF2409,,13:44:56.300#,104.21,104.33,104.17,105.34,102.85,37834,128499,104.305,1749,104.31,281,104.315,203,104.32,195,104.325,68,104.33,74,104.335,226,104.34,120,104.345,166,104.35,1587,104.325
TF2409,,13:44:56.800#,104.21,104.33,104.17,105.34,102.85,37834,128499,104.305,1739,104.31,281,104.315,203,104.32,195,104.325,68,104.33,66,104.335,226,104.34,120,104.345,166,104.35,1597,104.325
TF2409,,13:44:57.300#,104.21,104.33,104.17,105.34,102.85,37834,128499,104.305,1739,104.31,281,104.315,203,104.32,193,104.325,68,104.33,61,104.335,226,104.34,120,104.345,166,104.35,1587,104.325
TF2409,,13:44:57.800#,104.21,104.33,104.17,105.34,102.85,37834,128499,104.305,1749,104.31,281,104.315,203,104.32,191,104.325,68,104.33,61,104.335,226,104.34,120,104.345,166,104.35,1587,104.325
TF2409,,13:44:58.300#,104.21,104.33,104.17,105.34,102.85,37834,128499,104.305,1749,104.31,281,104.315,203,104.32,188,104.325,68,104.33,61,104.335,226,104.34,120,104.345,166,104.35,1587,104.325
TF2409,,13:44:59.300#,104.21,104.33,104.17,105.34,102.85,37834,128499,104.305,1749,104.31,281,104.315,203,104.32,187,104.325,68,104.33,61,104.335,226,104.34,120,104.345,166,104.35,1587,104.325
TF2409,,13:44:59.800#,104.21,104.33,104.17,105.34,102.85,37834,128499,104.305,1749,104.31,281,104.315,203,104.32,187,104.325,68,104.33,59,104.335,226,104.34,120,104.345,166,104.35,1587,104.325
TF2409,,13:45:00.300#,104.21,104.33,104.17,105.34,102.85,37834,128499,104.305,1749,104.31,281,104.315,203,104.32,187,104.325,68,104.33,61,104.335,226,104.34,120,104.345,166,104.35,1587,104.325
TF2409,,13:45:00.800#,104.21,104.33,104.17,105.34,102.85,37839,128504,104.305,1749,104.31,281,104.315,203,104.32,187,104.325,63,104.33,61,104.335,226,104.34,120,104.345,166,104.35,1587,104.325
TF2409,,13:45:01.300#,104.21,104.33,104.17,105.34,102.85,37840,128504,104.305,1749,104.31,281,104.315,214,104.32,187,104.325,62,104.33,74,104.335,226,104.34,120,104.345,166,104.35,1587,104.325
TF2409,,13:45:01.800#,104.21,104.33,104.17,105.34,102.85,37841,128504,104.305,1739,104.31,281,104.315,214,104.32,187,104.325,61,104.33,74,104.335,228,104.34,120,104.345,166,104.35,1597,104.325
TF2409,,13:45:04.300#,104.21,104.33,104.17,105.34,102.85,37841,128504,104.305,1739,104.31,281,104.315,214,104.32,187,104.325,63,104.33,58,104.335,228,104.34,120,104.345,166,104.35,1597,104.325
TF2409,,13:45:04.800#,104.21,104.33,104.17,105.34,102.85,37842,128504,104.305,1749,104.31,281,104.315,214,104.32,187,104.325,62,104.33,58,104.335,228,104.34,120,104.345,166,104.35,1587,104.325
TF2409,,13:45:05.300#,104.21,104.33,104.17,105.34,102.85,37842,128504,104.305,1749,104.31,281,104.315,214,104.32,187,104.325,70,104.33,68,104.335,228,104.34,120,104.345,166,104.35,1587,104.325
TF2409,,13:45:05.800#,104.21,104.33,104.17,105.34,102.85,37842,128504,104.305,1749,104.31,281,104.315,214,104.32,187,104.325,70,104.33,53,104.335,228,104.34,120,104.345,166,104.35,1587,104.325
TF2409,,13:45:06.300#,104.21,104.33,104.17,105.34,102.85,37842,128504,104.305,1749,104.31,281,104.315,214,104.32,191,104.325,62,104.33,50,104.335,228,104.34,120,104.345,166,104.35,1587,104.325
TF2409,,13:45:06.800#,104.21,104.33,104.17,105.34,102.85,37902,128507,104.305,1749,104.31,281,104.315,217,104.32,193,104.325,55,104.33,3,104.335,228,104.34,120,104.345,166,104.35,1587,104.33
TF2409,,13:45:07.300#,104.21,104.33,104.17,105.34,102.85,37915,128517,104.31,281,104.315,217,104.32,193,104.325,62,104.33,10,104.335,228,104.34,121,104.345,167,104.35,1587,104.355,109,104.33
TF2409,,13:45:07.800#,104.21,104.33,104.17,105.34,102.85,37983,128515,104.305,727,104.31,1169,104.315,268,104.32,192,104.325,119,104.33,11,104.335,131,104.34,123,104.345,99,104.35,709,104.33
TF2409,,13:45:08.300#,104.21,104.33,104.17,105.34,102.85,38002,128526,104.305,1538,104.31,281,104.315,210,104.32,197,104.325,52,104.33,5,104.335,236,104.34,121,104.345,157,104.35,1392,104.33
TF2409,,13:45:08.800#,104.21,104.33,104.17,105.34,102.85,38021,128537,104.31,281,104.315,210,104.32,197,104.325,63,104.33,20,104.335,235,104.34,121,104.345,157,104.35,1587,104.355,110,104.33
TF2409,,13:45:09.300#,104.21,104.335,104.17,105.34,102.85,38034,128539,104.31,1169,104.315,268,104.32,185,104.325,145,104.33,49,104.335,139,104.34,133,104.345,99,104.35,699,104.355,1126,104.33
TF2409,,13:45:09.800#,104.21,104.335,104.17,105.34,102.85,38034,128539,104.31,1169,104.315,268,104.32,175,104.325,137,104.33,61,104.335,139,104.34,134,104.345,110,104.35,699,104.355,1127,104.33
TF2409,,13:45:10.300#,104.21,104.335,104.17,105.34,102.85,38034,128539,104.31,1169,104.315,268,104.32,175,104.325,154,104.33,62,104.335,139,104.34,144,104.345,110,104.35,699,104.355,1127,104.33
TF2409,,13:45:11.300#,104.21,104.335,104.17,105.34,102.85,38034,128539,104.31,1559,104.315,268,104.32,162,104.325,164,104.33,62,104.335,129,104.34,154,104.345,110,104.35,309,104.355,1517,104.33
TF2409,,13:45:11.800#,104.21,104.335,104.17,105.34,102.85,38034,128539,104.31,1559,104.315,268,104.32,162,104.325,165,104.33,61,104.335,129,104.34,165,104.345,99,104.35,309,104.355,1518,104.33
TF2409,,13:45:12.300#,104.21,104.335,104.17,105.34,102.85,38035,128539,104.31,1559,104.315,268,104.32,152,104.325,165,104.33,60,104.335,129,104.34,165,104.345,99,104.35,309,104.355,1518,104.33
TF2409,,13:45:12.800#,104.21,104.335,104.17,105.34,102.85,38048,128545,104.31,1559,104.315,268,104.32,152,104.325,161,104.33,77,104.335,114,104.34,165,104.345,99,104.35,309,104.355,1518,104.335
TF2409,,13:45:13.800#,104.21,104.335,104.17,105.34,102.85,38062,128539,104.31,1777,104.315,258,104.32,143,104.325,150,104.33,102,104.335,111,104.34,154,104.345,100,104.35,159,104.355,1440,104.335
TF2409,,13:45:14.300#,104.21,104.335,104.17,105.34,102.85,38062,128539,104.31,1777,104.315,258,104.32,143,104.325,151,104.33,108,104.335,111,104.34,165,104.345,89,104.35,159,104.355,1440,104.335
TF2409,,13:45:14.800#,104.21,104.335,104.17,105.34,102.85,38062,128539,104.31,1777,104.315,258,104.32,143,104.325,151,104.33,109,104.335,121,104.34,165,104.345,89,104.35,159,104.355,1440,104.335
TF2409,,13:45:15.300#,104.21,104.335,104.17,105.34,102.85,38062,128539,104.31,1777,104.315,258,104.32,143,104.325,151,104.33,109,104.335,111,104.34,165,104.345,89,104.35,159,104.355,1440,104.335
TF2409,,13:45:15.800#,104.21,104.335,104.17,105.34,102.85,38062,128539,104.31,1777,104.315,258,104.32,143,104.325,151,104.33,109,104.335,121,104.34,165,104.345,89,104.35,159,104.355,1440,104.335
TF2409,,13:45:16.300#,104.21,104.335,104.17,105.34,102.85,38063,128539,104.31,1777,104.315,258,104.32,143,104.325,151,104.33,109,104.335,110,104.34,165,104.345,89,104.35,159,104.355,1440,104.335
TF2409,,13:45:16.800#,104.21,104.335,104.17,105.34,102.85,38063,128539,104.31,1777,104.315,258,104.32,143,104.325,152,104.33,109,104.335,110,104.34,164,104.345,89,104.35,159,104.355,1440,104.335
TF2409,,13:45:18.800#,104.21,104.335,104.17,105.34,102.85,38063,128539,104.31,1777,104.315,258,104.32,143,104.325,152,104.33,108,104.335,110,104.34,164,104.345,89,104.35,159,104.355,1440,104.335
TF2409,,13:45:19.300#,104.21,104.335,104.17,105.34,102.85,38063,128539,104.31,1777,104.315,258,104.32,143,104.325,156,104.33,108,104.335,112,104.34,164,104.345,89,104.35,159,104.355,1440,104.335
TF2409,,13:45:20.300#,104.21,104.335,104.17,105.34,102.85,38063,128539,104.31,1777,104.315,258,104.32,142,104.325,156,104.33,108,104.335,112,104.34,164,104.345,89,104.35,159,104.355,1440,104.335
TF2409,,13:45:20.800#,104.21,104.335,104.17,105.34,102.85,38063,128539,104.31,1777,104.315,259,104.32,142,104.325,156,104.33,108,104.335,112,104.34,164,104.345,89,104.35,159,104.355,1440,104.335
TF2409,,13:45:21.300#,104.21,104.335,104.17,105.34,102.85,38063,128539,104.31,1777,104.315,259,104.32,142,104.325,156,104.33,106,104.335,112,104.34,164,104.345,89,104.35,159,104.355,1440,104.335
TF2409,,13:45:22.800#,104.21,104.335,104.17,105.34,102.85,38117,128560,104.31,1777,104.315,259,104.32,142,104.325,157,104.33,106,104.335,57,104.34,164,104.345,89,104.35,159,104.355,1440,104.335
TF2409,,13:45:23.800#,104.21,104.335,104.17,105.34,102.85,38118,128560,104.31,1787,104.315,259,104.32,142,104.325,156,104.33,105,104.335,58,104.34,164,104.345,89,104.35,159,104.355,1430,104.33
TF2409,,13:45:24.300#,104.21,104.335,104.17,105.34,102.85,38118,128560,104.31,1787,104.315,259,104.32,142,104.325,156,104.33,105,104.335,58,104.34,164,104.345,89,104.35,159,104.355,1580,104.33
TF2409,,13:45:24.800#,104.21,104.335,104.17,105.34,102.85,38118,128560,104.31,1787,104.315,259,104.32,142,104.325,176,104.33,105,104.335,58,104.34,164,104.345,89,104.35,159,104.355,1580,104.33
TF2409,,13:45:25.300#,104.21,104.335,104.17,105.34,102.85,38221,128516,104.305,99,104.31,1787,104.315,259,104.32,152,104.325,176,104.33,47,104.335,49,104.34,164,104.345,99,104.35,159,104.33
TF2409,,13:45:25.800#,104.21,104.335,104.17,105.34,102.85,38231,128521,104.305,1115,104.31,889,104.315,199,104.32,166,104.325,97,104.33,51,104.335,121,104.34,142,104.345,157,104.35,1047,104.33
TF2409,,13:45:26.300#,104.21,104.335,104.17,105.34,102.85,38231,128521,104.305,1115,104.31,889,104.315,211,104.32,156,104.325,102,104.33,46,104.335,141,104.34,132,104.345,157,104.35,1047,104.33
TF2409,,13:45:26.800#,104.21,104.335,104.17,105.34,102.85,38233,128521,104.305,1115,104.31,889,104.315,211,104.32,166,104.325,100,104.33,43,104.335,154,104.34,132,104.345,157,104.35,1047,104.325
TF2409,,13:45:27.300#,104.21,104.335,104.17,105.34,102.85,38233,128521,104.305,1193,104.31,271,104.315,200,104.32,177,104.325,90,104.33,45,104.335,157,104.34,122,104.345,157,104.35,1197,104.325
TF2409,,13:45:27.800#,104.21,104.335,104.17,105.34,102.85,38234,128520,104.305,1203,104.31,271,104.315,211,104.32,166,104.325,90,104.33,45,104.335,156,104.34,122,104.345,157,104.35,1217,104.33
TF2409,,13:45:28.300#,104.21,104.335,104.17,105.34,102.85,38234,128520,104.305,1353,104.31,271,104.315,200,104.32,177,104.325,90,104.33,44,104.335,157,104.34,122,104.345,157,104.35,1217,104.33
TF2409,,13:45:28.800#,104.21,104.335,104.17,105.34,102.85,38234,128520,104.305,1353,104.31,271,104.315,200,104.32,177,104.325,90,104.33,39,104.335,157,104.34,122,104.345,157,104.35,1217,104.33
TF2409,,13:45:29.300#,104.21,104.335,104.17,105.34,102.85,38237,128517,104.305,1353,104.31,271,104.315,200,104.32,177,104.325,90,104.33,36,104.335,157,104.34,122,104.345,157,104.35,1217,104.33
TF2409,,13:45:29.800#,104.21,104.335,104.17,105.34,102.85,38240,128514,104.305,1353,104.31,271,104.315,190,104.32,177,104.325,100,104.33,40,104.335,157,104.34,112,104.345,157,104.35,1217,104.33
TF2409,,13:45:30.300#,104.21,104.335,104.17,105.34,102.85,38243,128511,104.305,1353,104.31,271,104.315,190,104.32,177,104.325,101,104.33,41,104.335,157,104.34,112,104.345,157,104.35,1217,104.33
TF2409,,13:45:30.800#,104.21,104.335,104.17,105.34,102.85,38255,128515,104.305,1353,104.31,271,104.315,190,104.32,177,104.325,101,104.33,30,104.335,157,104.34,112,104.345,157,104.35,1217,104.33
TF2409,,13:45:31.300#,104.21,104.335,104.17,105.34,102.85,38284,128529,104.31,271,104.315,190,104.32,177,104.325,91,104.33,14,104.335,157,104.34,113,104.345,157,104.35,1217,104.355,112,104.33
TF2409,,13:45:31.800#,104.21,104.335,104.17,105.34,102.85,38333,128523,104.305,337,104.31,1159,104.315,257,104.32,165,104.325,159,104.33,30,104.335,82,104.34,137,104.345,109,104.35,329,104.33
TF2409,,13:45:32.300#,104.21,104.335,104.17,105.34,102.85,38333,128523,104.305,1548,104.31,466,104.315,199,104.32,187,104.325,59,104.33,36,104.335,174,104.34,134,104.345,167,104.35,1412,104.33
TF2409,,13:45:32.800#,104.21,104.335,104.17,105.34,102.85,38333,128523,104.305,1548,104.31,466,104.315,210,104.32,178,104.325,63,104.33,80,104.335,159,104.34,124,104.345,167,104.35,1412,104.33
TF2409,,13:45:33.300#,104.21,104.335,104.17,105.34,102.85,38334,128523,104.305,1538,104.31,466,104.315,210,104.32,188,104.325,56,104.33,69,104.335,179,104.34,124,104.345,167,104.35,1422,104.325
TF2409,,13:45:33.800#,104.21,104.335,104.17,105.34,102.85,38334,128523,104.305,1733,104.31,271,104.315,210,104.32,186,104.325,68,104.33,79,104.335,179,104.34,124,104.345,167,104.35,1617,104.325
TF2409,,13:45:37.300#,104.21,104.335,104.17,105.34,102.85,38334,128523,104.305,1733,104.31,271,104.315,210,104.32,186,104.325,74,104.33,79,104.335,179,104.34,124,104.345,167,104.35,1617,104.325
TF2409,,13:45:37.800#,104.21,104.335,104.17,105.34,102.85,38334,128523,104.305,1733,104.31,271,104.315,199,104.32,197,104.325,74,104.33,78,104.335,180,104.34,124,104.345,167,104.35,1617,104.325
TF2409,,13:45:38.300#,104.21,104.335,104.17,105.34,102.85,38334,128523,104.305,1733,104.31,271,104.315,199,104.32,197,104.325,74,104.33,80,104.335,178,104.34,124,104.345,167,104.35,1617,104.325
TF2409,,13:45:40.800#,104.21,104.335,104.17,105.34,102.85,38334,128523,104.305,1733,104.31,271,104.315,199,104.32,212,104.325,74,104.33,80,104.335,178,104.34,124,104.345,167,104.35,1617,104.325
TF2409,,13:45:43.300#,104.21,104.335,104.17,105.34,102.85,38339,128528,104.305,1733,104.31,271,104.315,199,104.32,212,104.325,69,104.33,80,104.335,178,104.34,124,104.345,167,104.35,1617,104.325
TF2409,,13:45:44.300#,104.21,104.335,104.17,105.34,102.85,38339,128528,104.305,1733,104.31,271,104.315,199,104.32,212,104.325,73,104.33,80,104.335,178,104.34,124,104.345,167,104.35,1617,104.325
TF2409,,13:45:44.800#,104.21,104.335,104.17,105.34,102.85,38340,128528,104.305,1733,104.31,271,104.315,199,104.32,212,104.325,73,104.33,80,104.335,178,104.34,124,104.345,167,104.35,1617,104.325
TF2409,,13:45:45.800#,104.21,104.335,104.17,105.34,102.85,38341,128528,104.305,1733,104.31,271,104.315,199,104.32,212,104.325,58,104.33,81,104.335,182,104.34,124,104.345,167,104.35,1617,104.33
TF2409,,13:45:46.300#,104.21,104.335,104.17,105.34,102.85,38400,128536,104.3,58,104.305,1733,104.31,271,104.315,199,104.32,214,104.325,9,104.33,67,104.335,182,104.34,124,104.345,167,104.325
TF2409,,13:45:46.800#,104.21,104.335,104.17,105.34,102.85,38420,128531,104.3,779,104.305,935,104.31,213,104.315,202,104.32,108,104.325,43,104.33,130,104.335,181,104.34,172,104.345,760,104.325
TF2409,,13:45:47.300#,104.21,104.335,104.17,105.34,102.85,38420,128531,104.3,1269,104.305,455,104.31,224,104.315,223,104.32,102,104.325,60,104.33,152,104.335,136,104.34,182,104.345,1250,104.325
TF2409,,13:45:47.800#,104.21,104.335,104.17,105.34,102.85,38421,128531,104.3,1425,104.305,455,104.31,224,104.315,221,104.32,114,104.325,51,104.33,174,104.335,136,104.34,182,104.345,1406,104.325
TF2409,,13:45:48.300#,104.21,104.335,104.17,105.34,102.85,38422,128531,104.3,1464,104.305,455,104.31,224,104.315,221,104.32,114,104.325,55,104.33,178,104.335,136,104.34,182,104.345,1445,104.325
TF2409,,13:45:49.300#,104.21,104.335,104.17,105.34,102.85,38422,128531,104.3,1464,104.305,455,104.31,224,104.315,221,104.32,114,104.325,71,104.33,178,104.335,120,104.34,182,104.345,1445,104.325
TF2409,,13:45:49.800#,104.21,104.335,104.17,105.34,102.85,38422,128531,104.3,1464,104.305,455,104.31,224,104.315,221,104.32,114,104.325,86,104.33,178,104.335,120,104.34,182,104.345,1445,104.325
TF2409,,13:45:50.300#,104.21,104.335,104.17,105.34,102.85,38432,128531,104.3,1464,104.305,455,104.31,224,104.315,221,104.32,114,104.325,68,104.33,178,104.335,120,104.34,182,104.345,1445,104.325
TF2409,,13:45:50.800#,104.21,104.335,104.17,105.34,102.85,38432,128531,104.3,1464,104.305,455,104.31,213,104.315,232,104.32,115,104.325,67,104.33,179,104.335,120,104.34,182,104.345,1445,104.325
TF2409,,13:45:51.300#,104.21,104.335,104.17,105.34,102.85,38432,128531,104.3,1464,104.305,455,104.31,214,104.315,232,104.32,115,104.325,68,104.33,179,104.335,120,104.34,182,104.345,1445,104.325
TF2409,,13:45:51.800#,104.21,104.335,104.17,105.34,102.85,38432,128531,104.3,1464,104.305,455,104.31,214,104.315,232,104.32,115,104.325,76,104.33,180,104.335,120,104.34,182,104.345,1445,104.325
TF2409,,13:45:52.300#,104.21,104.335,104.17,105.34,102.85,38432,128531,104.3,1464,104.305,455,104.31,214,104.315,232,104.32,115,104.325,69,104.33,180,104.335,120,104.34,182,104.345,1445,104.325
TF2409,,13:45:53.800#,104.21,104.335,104.17,105.34,102.85,38432,128531,104.3,1464,104.305,455,104.31,214,104.315,242,104.32,105,104.325,59,104.33,190,104.335,120,104.34,182,104.345,1445,104.325
TF2409,,13:45:54.300#,104.21,104.335,104.17,105.34,102.85,38433,128531,104.3,1464,104.305,455,104.31,214,104.315,232,104.32,105,104.325,58,104.33,180,104.335,120,104.34,182,104.345,1445,104.325
TF2409,,13:45:54.800#,104.21,104.335,104.17,105.34,102.85,38433,128531,104.3,1464,104.305,455,104.31,214,104.315,242,104.32,105,104.325,36,104.33,190,104.335,120,104.34,182,104.345,1445,104.325
TF2409,,13:45:55.300#,104.21,104.335,104.17,105.34,102.85,38433,128531,104.3,1464,104.305,455,104.31,214,104.315,242,104.32,105,104.325,34,104.33,190,104.335,120,104.34,182,104.345,1445,104.325
TF2409,,13:45:55.800#,104.21,104.335,104.17,105.34,102.85,38433,128531,104.3,1464,104.305,455,104.31,214,104.315,242,104.32,105,104.325,29,104.33,192,104.335,120,104.34,182,104.345,1445,104.325
TF2409,,13:45:56.800#,104.21,104.335,104.17,105.34,102.85,38435,128531,104.3,1464,104.305,455,104.31,214,104.315,238,104.32,105,104.325,27,104.33,192,104.335,120,104.34,182,104.345,1445,104.325
TF2409,,13:45:57.300#,104.21,104.335,104.17,105.34,102.85,38435,128531,104.3,1464,104.305,455,104.31,214,104.315,234,104.32,105,104.325,27,104.33,192,104.335,120,104.34,182,104.345,1445,104.325
TF2409,,13:45:58.300#,104.21,104.335,104.17,105.34,102.85,38435,128531,104.3,1464,104.305,455,104.31,214,104.315,231,104.32,105,104.325,27,104.33,192,104.335,120,104.34,182,104.345,1445,104.325
TF2409,,13:45:59.800#,104.21,104.335,104.17,105.34,102.85,38435,128531,104.3,1464,104.305,455,104.31,214,104.315,231,104.32,105,104.325,43,104.33,192,104.335,120,104.34,182,104.345,1445,104.325
TF2409,,13:46:00.300#,104.21,104.335,104.17,105.34,102.85,38436,128531,104.3,1464,104.305,455,104.31,214,104.315,231,104.32,105,104.325,42,104.33,192,104.335,120,104.34,182,104.345,1445,104.325
TF2409,,13:46:00.800#,104.21,104.335,104.17,105.34,102.85,38436,128531,104.3,1464,104.305,455,104.31,214,104.315,242,104.32,93,104.325,42,104.33,180,104.335,119,104.34,182,104.345,1445,104.325
TF2409,,13:46:01.300#,104.21,104.335,104.17,105.34,102.85,38436,128531,104.3,1464,104.305,455,104.31,224,104.315,244,104.32,93,104.325,42,104.33,180,104.335,131,104.34,182,104.345,1445,104.325
TF2409,,13:46:03.300#,104.21,104.335,104.17,105.34,102.85,38436,128531,104.3,1464,104.305,455,104.31,224,104.315,244,104.32,93,104.325,43,104.33,180,104.335,131,104.34,182,104.345,1445,104.325
TF2409,,13:46:04.300#,104.21,104.335,104.17,105.34,102.85,38436,128531,104.3,1464,104.305,455,104.31,224,104.315,244,104.32,93,104.325,43,104.33,180,104.335,130,104.34,182,104.345,1445,104.325
TF2409,,13:46:06.300#,104.21,104.335,104.17,105.34,102.85,38436,128531,104.3,1464,104.305,455,104.31,224,104.315,244,104.32,93,104.325,27,104.33,183,104.335,130,104.34,182,104.345,1445,104.325
TF2409,,13:46:06.800#,104.21,104.335,104.17,105.34,102.85,38460,128533,104.305,455,104.31,224,104.315,244,104.32,88,104.325,11,104.33,183,104.335,130,104.34,182,104.345,1445,104.35,211,104.325
TF2409,,13:46:07.300#,104.21,104.335,104.17,105.34,102.85,38462,128531,104.305,1733,104.31,272,104.315,222,104.32,191,104.325,21,104.33,83,104.335,163,104.34,124,104.345,167,104.35,1607,104.325
TF2409,,13:46:07.800#,104.21,104.335,104.17,105.34,102.85,38463,128530,104.305,1733,104.31,272,104.315,211,104.32,180,104.325,38,104.33,82,104.335,142,104.34,135,104.345,167,104.35,1617,104.325
TF2409,,13:46:08.300#,104.21,104.335,104.17,105.34,102.85,38464,128530,104.305,1733,104.31,272,104.315,211,104.32,200,104.325,27,104.33,82,104.335,152,104.34,145,104.345,167,104.35,1617,104.325
TF2409,,13:46:08.800#,104.21,104.335,104.17,105.34,102.85,38465,128530,104.305,1733,104.31,272,104.315,211,104.32,200,104.325,26,104.33,82,104.335,152,104.34,145,104.345,167,104.35,1617,104.325
TF2409,,13:46:09.300#,104.21,104.335,104.17,105.34,102.85,38466,128530,104.305,1733,104.31,272,104.315,211,104.32,200,104.325,26,104.33,81,104.335,152,104.34,145,104.345,167,104.35,1617,104.33
TF2409,,13:46:09.800#,104.21,104.335,104.17,105.34,102.85,38466,128530,104.305,1733,104.31,272,104.315,211,104.32,201,104.325,25,104.33,81,104.335,163,104.34,134,104.345,167,104.35,1617,104.33
TF2409,,13:46:10.800#,104.21,104.335,104.17,105.34,102.85,38466,128530,104.305,1733,104.31,272,104.315,211,104.32,201,104.325,35,104.33,81,104.335,163,104.34,134,104.345,167,104.35,1617,104.33
TF2409,,13:46:11.300#,104.21,104.335,104.17,105.34,102.85,38466,128530,104.305,1733,104.31,272,104.315,211,104.32,201,104.325,38,104.33,81,104.335,163,104.34,134,104.345,167,104.35,1617,104.33
TF2409,,13:46:12.800#,104.21,104.335,104.17,105.34,102.85,38467,128529,104.305,1733,104.31,272,104.315,211,104.32,201,104.325,37,104.33,81,104.335,163,104.34,134,104.345,167,104.35,1617,104.325
TF2409,,13:46:13.300#,104.21,104.335,104.17,105.34,102.85,38467,128529,104.305,1733,104.31,272,104.315,211,104.32,201,104.325,37,104.33,84,104.335,161,104.34,134,104.345,167,104.35,1617,104.325
TF2409,,13:46:13.800#,104.21,104.335,104.17,105.34,102.85,38467,128529,104.305,1733,104.31,272,104.315,211,104.32,201,104.325,37,104.33,84,104.335,163,104.34,134,104.345,167,104.35,1617,104.325
TF2409,,13:46:15.300#,104.21,104.335,104.17,105.34,102.85,38467,128529,104.305,1733,104.31,272,104.315,211,104.32,204,104.325,37,104.33,84,104.335,163,104.34,134,104.345,167,104.35,1617,104.325
TF2409,,13:46:16.800#,104.21,104.335,104.17,105.34,102.85,38467,128529,104.305,1733,104.31,272,104.315,211,104.32,204,104.325,38,104.33,84,104.335,163,104.34,134,104.345,167,104.35,1617,104.325
TF2409,,13:46:17.800#,104.21,104.335,104.17,105.34,102.85,38467,128529,104.305,1733,104.31,272,104.315,211,104.32,204,104.325,76,104.33,84,104.335,163,104.34,134,104.345,167,104.35,1617,104.325
TF2409,,13:46:18.300#,104.21,104.335,104.17,105.34,102.85,38467,128529,104.305,1733,104.31,272,104.315,209,104.32,206,104.325,78,104.33,85,104.335,163,104.34,134,104.345,167,104.35,1617,104.325
TF2409,,13:46:19.800#,104.21,104.335,104.17,105.34,102.85,38467,128529,104.305,1733,104.31,272,104.315,209,104.32,206,104.325,88,104.33,85,104.335,163,104.34,134,104.345,167,104.35,1617,104.325
TF2409,,13:46:20.300#,104.21,104.335,104.17,105.34,102.85,38467,128529,104.305,1743,104.31,272,104.315,209,104.32,206,104.325,88,104.33,85,104.335,163,104.34,134,104.345,167,104.35,1607,104.325
TF2409,,13:46:24.300#,104.21,104.335,104.17,105.34,102.85,38467,128529,104.305,1743,104.31,272,104.315,209,104.32,206,104.325,88,104.33,78,104.335,163,104.34,134,104.345,167,104.35,1607,104.325
TF2409,,13:46:24.800#,104.21,104.335,104.17,105.34,102.85,38467,128529,104.305,1743,104.31,272,104.315,209,104.32,206,104.325,88,104.33,72,104.335,163,104.34,134,104.345,167,104.35,1607,104.325
TF2409,,13:46:25.300#,104.21,104.335,104.17,105.34,102.85,38467,128529,104.305,1743,104.31,272,104.315,209,104.32,190,104.325,104,104.33,69,104.335,163,104.34,134,104.345,167,104.35,1607,104.325
TF2409,,13:46:25.800#,104.21,104.335,104.17,105.34,102.85,38467,128529,104.305,1743,104.31,272,104.315,209,104.32,190,104.325,104,104.33,65,104.335,163,104.34,134,104.345,167,104.35,1607,104.325
TF2409,,13:46:26.300#,104.21,104.335,104.17,105.34,102.85,38467,128529,104.305,1743,104.31,272,104.315,209,104.32,187,104.325,104,104.33,65,104.335,163,104.34,134,104.345,167,104.35,1607,104.325
TF2409,,13:46:31.300#,104.21,104.335,104.17,105.34,102.85,38468,128529,104.305,1743,104.31,272,104.315,209,104.32,191,104.325,104,104.33,64,104.335,163,104.34,144,104.345,157,104.35,1607,104.33
TF2409,,13:46:31.800#,104.21,104.335,104.17,105.34,102.85,38471,128527,104.305,1743,104.31,272,104.315,209,104.32,191,104.325,104,104.33,61,104.335,161,104.34,145,104.345,157,104.35,1607,104.33
TF2409,,13:46:32.300#,104.21,104.335,104.17,105.34,102.85,38471,128527,104.305,1743,104.31,272,104.315,199,104.32,201,104.325,104,104.33,61,104.335,161,104.34,147,104.345,157,104.35,1607,104.33
TF2409,,13:46:32.800#,104.21,104.335,104.17,105.34,102.85,38471,128527,104.305,1743,104.31,272,104.315,199,104.32,201,104.325,104,104.33,62,104.335,161,104.34,147,104.345,157,104.35,1607,104.33
TF2409,,13:46:33.300#,104.21,104.335,104.17,105.34,102.85,38471,128527,104.305,1743,104.31,272,104.315,199,104.32,189,104.325,104,104.33,62,104.335,161,104.34,147,104.345,157,104.35,1607,104.33
TF2409,,13:46:33.800#,104.21,104.335,104.17,105.34,102.85,38471,128527,104.305,1743,104.31,272,104.315,211,104.32,189,104.325,104,104.33,62,104.335,163,104.34,145,104.345,157,104.35,1607,104.33
TF2409,,13:46:35.800#,104.21,104.335,104.17,105.34,102.85,38472,128528,104.305,1743,104.31,272,104.315,211,104.32,189,104.325,105,104.33,61,104.335,163,104.34,145,104.345,157,104.35,1607,104.33
TF2409,,13:46:37.800#,104.21,104.335,104.17,105.34,102.85,38472,128528,104.305,1743,104.31,272,104.315,211,104.32,189,104.325,105,104.33,63,104.335,163,104.34,145,104.345,157,104.35,1607,104.33
TF2409,,13:46:42.300#,104.21,104.335,104.17,105.34,102.85,38473,128529,104.305,1743,104.31,272,104.315,211,104.32,189,104.325,105,104.33,68,104.335,163,104.34,145,104.345,157,104.35,1607,104.33
TF2409,,13:46:42.800#,104.21,104.335,104.17,105.34,102.85,38473,128529,104.305,1743,104.31,272,104.315,211,104.32,189,104.325,105,104.33,73,104.335,163,104.34,145,104.345,157,104.35,1607,104.33
TF2409,,13:46:43.300#,104.21,104.335,104.17,105.34,102.85,38473,128529,104.305,1743,104.31,272,104.315,210,104.32,189,104.325,105,104.33,74,104.335,163,104.34,145,104.345,157,104.35,1607,104.33
TF2409,,13:46:49.800#,104.21,104.335,104.17,105.34,102.85,38473,128529,104.305,1743,104.31,272,104.315,210,104.32,189,104.325,105,104.33,74,104.335,163,104.34,146,104.345,157,104.35,1607,104.33
TF2409,,13:46:55.800#,104.21,104.335,104.17,105.34,102.85,38473,128529,104.305,1743,104.31,272,104.315,206,104.32,189,104.325,105,104.33,74,104.335,163,104.34,146,104.345,157,104.35,1607,104.33
TF2409,,13:46:57.800#,104.21,104.335,104.17,105.34,102.85,38473,128529,104.305,1743,104.31,272,104.315,199,104.32,189,104.325,105,104.33,74,104.335,163,104.34,146,104.345,157,104.35,1607,104.33
TF2409,,13:46:59.300#,104.21,104.335,104.17,105.34,102.85,38473,128529,104.305,1743,104.31,272,104.315,199,104.32,189,104.325,105,104.33,74,104.335,161,104.34,146,104.345,157,104.35,1607,104.33
TF2409,,13:46:59.800#,104.21,104.335,104.17,105.34,102.85,38473,128529,104.305,1743,104.31,272,104.315,199,104.32,189,104.325,105,104.33,74,104.335,161,104.34,148,104.345,157,104.35,1607,104.33
TF2409,,13:47:07.300#,104.21,104.335,104.17,105.34,102.85,38474,128528,104.305,1743,104.31,272,104.315,199,104.32,189,104.325,104,104.33,74,104.335,161,104.34,148,104.345,157,104.35,1607,104.325
TF2409,,13:47:07.800#,104.21,104.335,104.17,105.34,102.85,38475,128528,104.305,1743,104.31,272,104.315,206,104.32,191,104.325,103,104.33,75,104.335,159,104.34,148,104.345,157,104.35,1607,104.325
TF2409,,13:47:08.300#,104.21,104.335,104.17,105.34,102.85,38475,128528,104.305,1743,104.31,272,104.315,208,104.32,191,104.325,103,104.33,75,104.335,159,104.34,150,104.345,157,104.35,1607,104.325
TF2409,,13:47:08.800#,104.21,104.335,104.17,105.34,102.85,38475,128528,104.305,1743,104.31,272,104.315,208,104.32,191,104.325,103,104.33,75,104.335,161,104.34,148,104.345,157,104.35,1607,104.325
TF2409,,13:47:09.300#,104.21,104.335,104.17,105.34,102.85,38475,128528,104.305,1743,104.31,272,104.315,208,104.32,191,104.325,103,104.33,75,104.335,162,104.34,148,104.345,157,104.35,1607,104.325
TF2409,,13:47:11.800#,104.21,104.335,104.17,105.34,102.85,38477,128530,104.305,1743,104.31,272,104.315,208,104.32,191,104.325,103,104.33,73,104.335,162,104.34,148,104.345,157,104.35,1607,104.33
TF2409,,13:47:14.300#,104.21,104.335,104.17,105.34,102.85,38477,128530,104.305,1743,104.31,272,104.315,208,104.32,191,104.325,103,104.33,68,104.335,162,104.34,148,104.345,157,104.35,1607,104.33
TF2409,,13:47:14.800#,104.21,104.335,104.17,105.34,102.85,38477,128530,104.305,1743,104.31,272,104.315,208,104.32,191,104.325,103,104.33,68,104.335,160,104.34,148,104.345,157,104.35,1607,104.33
TF2409,,13:47:15.300#,104.21,104.335,104.17,105.34,102.85,38477,128530,104.305,1743,104.31,272,104.315,208,104.32,191,104.325,103,104.33,68,104.335,160,104.34,150,104.345,157,104.35,1607,104.33
TF2409,,13:47:16.300#,104.21,104.335,104.17,105.34,102.85,38477,128530,104.305,1743,104.31,272,104.315,208,104.32,191,104.325,103,104.33,68,104.335,161,104.34,150,104.345,157,104.35,1607,104.33
TF2409,,13:47:16.800#,104.21,104.335,104.17,105.34,102.85,38477,128530,104.305,1743,104.31,272,104.315,208,104.32,189,104.325,103,104.33,68,104.335,163,104.34,148,104.345,157,104.35,1607,104.33
TF2409,,13:47:17.300#,104.21,104.335,104.17,105.34,102.85,38478,128530,104.305,1743,104.31,272,104.315,200,104.32,189,104.325,113,104.33,77,104.335,163,104.34,138,104.345,157,104.35,1607,104.33
TF2409,,13:47:17.800#,104.21,104.335,104.17,105.34,102.85,38479,128530,104.305,1743,104.31,272,104.315,200,104.32,189,104.325,113,104.33,81,104.335,163,104.34,138,104.345,157,104.35,1607,104.33
TF2409,,13:47:18.800#,104.21,104.335,104.17,105.34,102.85,38480,128530,104.305,1743,104.31,272,104.315,200,104.32,189,104.325,113,104.33,80,104.335,163,104.34,138,104.345,157,104.35,1607,104.33
TF2409,,13:47:23.800#,104.21,104.335,104.17,105.34,102.85,38480,128530,104.305,1743,104.31,272,104.315,200,104.32,189,104.325,113,104.33,80,104.335,163,104.34,138,104.345,172,104.35,1607,104.33
TF2409,,13:47:25.300#,104.21,104.335,104.17,105.34,102.85,38480,128530,104.305,1743,104.31,272,104.315,200,104.32,189,104.325,113,104.33,81,104.335,163,104.34,138,104.345,172,104.35,1607,104.33
TF2409,,13:47:26.800#,104.21,104.335,104.17,105.34,102.85,38480,128530,104.305,1743,104.31,272,104.315,200,104.32,189,104.325,97,104.33,81,104.335,163,104.34,138,104.345,172,104.35,1607,104.33
TF2409,,13:47:31.800#,104.21,104.335,104.17,105.34,102.85,38480,128530,104.305,1743,104.31,272,104.315,200,104.32,187,104.325,97,104.33,81,104.335,163,104.34,138,104.345,172,104.35,1607,104.33
TF2409,,13:47:34.300#,104.21,104.335,104.17,105.34,102.85,38480,128530,104.305,1743,104.31,272,104.315,200,104.32,187,104.325,99,104.33,81,104.335,163,104.34,138,104.345,172,104.35,1607,104.33
TF2409,,13:47:34.800#,104.21,104.335,104.17,105.34,102.85,38480,128530,104.305,1743,104.31,272,104.315,200,104.32,187,104.325,101,104.33,81,104.335,163,104.34,138,104.345,172,104.35,1607,104.33
TF2409,,13:47:40.800#,104.21,104.335,104.17,105.34,102.85,38480,128530,104.305,1743,104.31,272,104.315,200,104.32,187,104.325,103,104.33,81,104.335,163,104.34,138,104.345,172,104.35,1607,104.33
TF2409,,13:47:46.300#,104.21,104.335,104.17,105.34,102.85,38480,128530,104.305,1743,104.31,272,104.315,200,104.32,187,104.325,119,104.33,81,104.335,163,104.34,138,104.345,172,104.35,1607,104.33
TF2409,,13:47:46.800#,104.21,104.335,104.17,105.34,102.85,38480,128530,104.305,1743,104.31,272,104.315,200,104.32,187,104.325,119,104.33,70,104.335,163,104.34,138,104.345,172,104.35,1607,104.33
TF2409,,13:47:47.300#,104.21,104.335,104.17,105.34,102.85,38480,128530,104.305,1743,104.31,272,104.315,200,104.32,187,104.325,119,104.33,54,104.335,163,104.34,138,104.345,172,104.35,1607,104.33
TF2409,,13:47:51.300#,104.21,104.335,104.17,105.34,102.85,38481,128530,104.305,1743,104.31,272,104.315,200,104.32,187,104.325,119,104.33,53,104.335,163,104.34,138,104.345,172,104.35,1607,104.33
TF2409,,13:47:52.800#,104.21,104.335,104.17,105.34,102.85,38482,128529,104.305,1743,104.31,272,104.315,200,104.32,187,104.325,119,104.33,52,104.335,163,104.34,138,104.345,172,104.35,1607,104.33
TF2409,,13:47:55.800#,104.21,104.335,104.17,105.34,102.85,38492,128524,104.305,1743,104.31,272,104.315,200,104.32,187,104.325,119,104.33,42,104.335,163,104.34,138,104.345,172,104.35,1607,104.33
TF2409,,13:47:56.300#,104.21,104.335,104.17,105.34,102.85,38534,128541,104.31,272,104.315,210,104.32,187,104.325,105,104.33,29,104.335,161,104.34,148,104.345,172,104.35,1607,104.355,112,104.33
TF2409,,13:47:56.800#,104.21,104.335,104.17,105.34,102.85,38575,128559,104.305,727,104.31,1160,104.315,252,104.32,166,104.325,190,104.33,7,104.335,69,104.34,161,104.345,106,104.35,719,104.33
TF2409,,13:47:57.300#,104.21,104.335,104.17,105.34,102.85,38596,128569,104.31,272,104.315,192,104.32,187,104.325,90,104.33,16,104.335,138,104.34,161,104.345,182,104.35,1607,104.355,112,104.33
TF2409,,13:47:57.800#,104.21,104.335,104.17,105.34,102.85,38596,128569,104.31,1550,104.315,245,104.32,167,104.325,188,104.33,31,104.335,65,104.34,181,104.345,124,104.35,329,104.355,1518,104.33
TF2409,,13:47:58.300#,104.21,104.335,104.17,105.34,102.85,38598,128571,104.31,1550,104.315,245,104.32,156,104.325,177,104.33,47,104.335,76,104.34,160,104.345,137,104.35,329,104.355,1518,104.33
TF2409,,13:47:58.800#,104.21,104.335,104.17,105.34,102.85,38598,128571,104.31,1550,104.315,245,104.32,155,104.325,199,104.33,37,104.335,76,104.34,170,104.345,137,104.35,329,104.355,1518,104.33
TF2409,,13:47:59.300#,104.21,104.335,104.17,105.34,102.85,38599,128572,104.31,1550,104.315,245,104.32,155,104.325,197,104.33,36,104.335,76,104.34,170,104.345,137,104.35,329,104.355,1518,104.33
TF2409,,13:47:59.800#,104.21,104.335,104.17,105.34,102.85,38599,128572,104.31,1550,104.315,245,104.32,157,104.325,198,104.33,35,104.335,74,104.34,181,104.345,126,104.35,329,104.355,1518,104.33
TF2409,,13:48:01.800#,104.21,104.335,104.17,105.34,102.85,38600,128573,104.31,1550,104.315,245,104.32,157,104.325,198,104.33,36,104.335,71,104.34,181,104.345,126,104.35,329,104.355,1518,104.335
TF2409,,13:48:02.300#,104.21,104.335,104.17,105.34,102.85,38600,128573,104.31,1700,104.315,245,104.32,157,104.325,209,104.33,52,104.335,73,104.34,183,104.345,124,104.35,179,104.355,1518,104.335
TF2409,,13:48:02.800#,104.21,104.335,104.17,105.34,102.85,38600,128573,104.31,1778,104.315,245,104.32,157,104.325,209,104.33,53,104.335,112,104.34,183,104.345,114,104.35,179,104.355,1440,104.335
TF2409,,13:48:03.300#,104.21,104.335,104.17,105.34,102.85,38600,128573,104.31,1778,104.315,245,104.32,157,104.325,209,104.33,53,104.335,112,104.34,183,104.345,114,104.35,189,104.355,1440,104.335
TF2409,,13:48:07.300#,104.21,104.335,104.17,105.34,102.85,38600,128573,104.31,1778,104.315,245,104.32,157,104.325,209,104.33,54,104.335,112,104.34,183,104.345,114,104.35,189,104.355,1440,104.335
TF2409,,13:48:07.800#,104.21,104.335,104.17,105.34,102.85,38600,128573,104.31,1778,104.315,245,104.32,157,104.325,209,104.33,54,104.335,113,104.34,183,104.345,114,104.35,189,104.355,1440,104.335
TF2409,,13:48:10.300#,104.21,104.335,104.17,105.34,102.85,38601,128574,104.31,1778,104.315,245,104.32,157,104.325,209,104.33,54,104.335,112,104.34,183,104.345,114,104.35,189,104.355,1440,104.335
TF2409,,13:48:11.300#,104.21,104.335,104.17,105.34,102.85,38601,128574,104.31,1778,104.315,245,104.32,156,104.325,210,104.33,54,104.335,112,104.34,183,104.345,114,104.35,188,104.355,1440,104.335
TF2409,,13:48:12.300#,104.21,104.335,104.17,105.34,102.85,38601,128574,104.31,1778,104.315,245,104.32,156,104.325,210,104.33,64,104.335,112,104.34,183,104.345,114,104.35,188,104.355,1440,104.335
TF2409,,13:48:12.800#,104.21,104.335,104.17,105.34,102.85,38601,128574,104.31,1778,104.315,245,104.32,156,104.325,210,104.33,70,104.335,110,104.34,183,104.345,114,104.35,188,104.355,1440,104.335
TF2409,,13:48:13.800#,104.21,104.335,104.17,105.34,102.85,38601,128574,104.31,1778,104.315,245,104.32,156,104.325,211,104.33,70,104.335,110,104.34,183,104.345,114,104.35,188,104.355,1440,104.335
TF2409,,13:48:14.300#,104.21,104.335,104.17,105.34,102.85,38601,128574,104.31,1778,104.315,245,104.32,156,104.325,211,104.33,70,104.335,109,104.34,183,104.345,114,104.35,178,104.355,1440,104.335
TF2409,,13:48:14.800#,104.21,104.335,104.17,105.34,102.85,38601,128574,104.31,1778,104.315,245,104.32,156,104.325,211,104.33,70,104.335,109,104.34,183,104.345,114,104.35,178,104.355,1450,104.335
TF2409,,13:48:16.300#,104.21,104.335,104.17,105.34,102.85,38606,128579,104.31,1778,104.315,245,104.32,156,104.325,211,104.33,70,104.335,104,104.34,183,104.345,114,104.35,178,104.355,1450,104.335
TF2409,,13:48:20.300#,104.21,104.335,104.17,105.34,102.85,38607,128580,104.31,1778,104.315,245,104.32,156,104.325,211,104.33,70,104.335,103,104.34,183,104.345,114,104.35,178,104.355,1450,104.335
TF2409,,13:48:22.300#,104.21,104.335,104.17,105.34,102.85,38607,128580,104.31,1778,104.315,245,104.32,156,104.325,211,104.33,70,104.335,103,104.34,180,104.345,117,104.35,178,104.355,1450,104.335
TF2409,,13:48:22.800#,104.21,104.335,104.17,105.34,102.85,38607,128580,104.31,1778,104.315,245,104.32,144,104.325,223,104.33,70,104.335,103,104.34,178,104.345,117,104.35,178,104.355,1450,104.335
TF2409,,13:48:23.300#,104.21,104.335,104.17,105.34,102.85,38607,128580,104.31,1778,104.315,245,104.32,144,104.325,223,104.33,70,104.335,103,104.34,178,104.345,119,104.35,178,104.355,1450,104.335
TF2409,,13:48:23.800#,104.21,104.335,104.17,105.34,102.85,38608,128581,104.31,1778,104.315,245,104.32,144,104.325,223,104.33,70,104.335,102,104.34,178,104.345,119,104.35,178,104.355,1450,104.335
TF2409,,13:48:24.300#,104.21,104.335,104.17,105.34,102.85,38608,128581,104.31,1778,104.315,245,104.32,143,104.325,223,104.33,70,104.335,97,104.34,178,104.345,119,104.35,178,104.355,1450,104.335
TF2409,,13:48:24.800#,104.21,104.335,104.17,105.34,102.85,38608,128581,104.31,1778,104.315,245,104.32,143,104.325,223,104.33,70,104.335,97,104.34,168,104.345,129,104.35,178,104.355,1450,104.335
TF2409,,13:48:25.800#,104.21,104.335,104.17,105.34,102.85,38608,128581,104.31,1778,104.315,244,104.32,140,104.325,227,104.33,70,104.335,75,104.34,168,104.345,129,104.35,178,104.355,1450,104.335
TF2409,,13:48:26.300#,104.21,104.335,104.17,105.34,102.85,38608,128581,104.31,1778,104.315,244,104.32,140,104.325,227,104.33,70,104.335,70,104.34,168,104.345,129,104.35,178,104.355,1450,104.335
TF2409,,13:48:26.800#,104.21,104.335,104.17,105.34,102.85,38608,128581,104.31,1788,104.315,244,104.32,140,104.325,228,104.33,70,104.335,70,104.34,168,104.345,129,104.35,178,104.355,1440,104.335
TF2409,,13:48:30.300#,104.21,104.335,104.17,105.34,102.85,38608,128581,104.31,1788,104.315,244,104.32,138,104.325,230,104.33,70,104.335,70,104.34,168,104.345,129,104.35,178,104.355,1440,104.335
TF2409,,13:48:30.800#,104.21,104.335,104.17,105.34,102.85,38608,128581,104.31,1788,104.315,244,104.32,137,104.325,231,104.33,70,104.335,70,104.34,168,104.345,129,104.35,178,104.355,1440,104.335
TF2409,,13:48:32.800#,104.21,104.335,104.17,105.34,102.85,38608,128581,104.31,1788,104.315,244,104.32,136,104.325,232,104.33,70,104.335,70,104.34,168,104.345,129,104.35,178,104.355,1440,104.335
TF2409,,13:48:38.300#,104.21,104.335,104.17,105.34,102.85,38609,128582,104.31,1788,104.315,244,104.32,136,104.325,232,104.33,70,104.335,69,104.34,168,104.345,129,104.35,178,104.355,1440,104.335
TF2409,,13:48:39.300#,104.21,104.335,104.17,105.34,102.85,38609,128582,104.31,1788,104.315,244,104.32,146,104.325,222,104.33,70,104.335,69,104.34,168,104.345,139,104.35,178,104.355,1430,104.335
TF2409,,13:48:40.800#,104.21,104.335,104.17,105.34,102.85,38609,128582,104.31,1788,104.315,244,104.32,131,104.325,237,104.33,72,104.335,69,104.34,168,104.345,139,104.35,178,104.355,1430,104.335
TF2409,,13:48:42.300#,104.21,104.335,104.17,105.34,102.85,38609,128582,104.31,1788,104.315,244,104.32,131,104.325,237,104.33,72,104.335,70,104.34,168,104.345,139,104.35,178,104.355,1430,104.335
TF2409,,13:48:43.300#,104.21,104.335,104.17,105.34,102.85,38611,128582,104.31,1788,104.315,244,104.32,131,104.325,237,104.33,72,104.335,68,104.34,168,104.345,139,104.35,178,104.355,1430,104.335
TF2409,,13:48:43.800#,104.21,104.335,104.17,105.34,102.85,38613,128582,104.31,1788,104.315,244,104.32,131,104.325,237,104.33,73,104.335,71,104.34,168,104.345,139,104.35,178,104.355,1430,104.335
TF2409,,13:48:44.300#,104.21,104.335,104.17,105.34,102.85,38613,128582,104.31,1788,104.315,244,104.32,131,104.325,237,104.33,83,104.335,71,104.34,168,104.345,139,104.35,178,104.355,1430,104.335
TF2409,,13:48:44.800#,104.21,104.335,104.17,105.34,102.85,38687,128615,104.31,1788,104.315,244,104.32,121,104.325,247,104.33,92,104.335,2,104.34,168,104.345,140,104.35,178,104.355,1430,104.335
TF2409,,13:48:45.300#,104.21,104.335,104.17,105.34,102.85,38697,128622,104.315,244,104.32,121,104.325,233,104.33,79,104.335,24,104.34,147,104.345,131,104.35,190,104.355,1352,104.36,332,104.335
TF2409,,13:48:45.800#,104.21,104.335,104.17,105.34,102.85,38717,128617,104.31,381,104.315,1528,104.32,169,104.325,208,104.33,168,104.335,18,104.34,79,104.345,150,104.35,132,104.355,152,104.335
TF2409,,13:48:46.300#,104.21,104.335,104.17,105.34,102.85,38722,128617,104.31,1397,104.315,640,104.32,111,104.325,230,104.33,97,104.335,14,104.34,170,104.345,151,104.35,180,104.355,1040,104.335
TF2409,,13:48:46.800#,104.21,104.335,104.17,105.34,102.85,38722,128617,104.31,1397,104.315,640,104.32,111,104.325,223,104.33,102,104.335,22,104.34,168,104.345,141,104.35,179,104.355,1040,104.335
TF2409,,13:48:47.300#,104.21,104.335,104.17,105.34,102.85,38722,128617,104.31,1397,104.315,640,104.32,111,104.325,233,104.33,107,104.335,26,104.34,181,104.345,140,104.35,179,104.355,1040,104.335
TF2409,,13:48:47.800#,104.21,104.335,104.17,105.34,102.85,38722,128617,104.31,1397,104.315,250,104.32,111,104.325,233,104.33,97,104.335,26,104.34,181,104.345,130,104.35,179,104.355,1040,104.335
TF2409,,13:48:48.300#,104.21,104.335,104.17,105.34,102.85,38722,128617,104.31,1397,104.315,250,104.32,111,104.325,233,104.33,97,104.335,20,104.34,181,104.345,130,104.35,179,104.355,1040,104.335
TF2409,,13:48:51.800#,104.21,104.335,104.17,105.34,102.85,38732,128622,104.31,1397,104.315,250,104.32,111,104.325,233,104.33,97,104.335,10,104.34,181,104.345,130,104.35,179,104.355,1040,104.335
