InstrumentId,ExchangeId,Datetime,OpenPrice,HighestPrice,LowestPrice,UpperLimitPrice,LowerLimitPrice,Volume,OpenInterest,BidPrice5,BidVolume5,BidPrice4,BidVolume4,BidPrice3,BidVolume3,BidPrice2,BidVolume2,BidPrice1,BidVolume1,AskPrice1,AskVolume1,AskPrice2,AskVolume2,AskPrice3,AskVolume3,AskPrice4,AskVolume4,AskPrice5,AskVolume5,LastPrice
TL2412,,13:38:34.800#,108.81,109.03,108.75,112.48,104.88,4171,23095,108.98,603,108.99,131,109.0,37,109.01,42,109.02,3,109.03,2,109.04,25,109.05,53,109.06,125,109.07,604,109.03
TL2412,,13:38:35.300#,108.81,109.03,108.75,112.48,104.88,4171,23095,108.98,603,108.99,131,109.0,37,109.01,47,109.02,3,109.03,2,109.04,25,109.05,48,109.06,125,109.07,604,109.03
TL2412,,13:38:35.800#,108.81,109.03,108.75,112.48,104.88,4171,23095,108.98,603,108.99,131,109.0,37,109.01,47,109.02,3,109.03,2,109.04,25,109.05,48,109.06,130,109.07,604,109.03
TL2412,,13:38:37.300#,108.81,109.03,108.75,112.48,104.88,4171,23095,108.98,608,108.99,126,109.0,37,109.01,38,109.02,2,109.03,2,109.04,25,109.05,48,109.06,130,109.07,604,109.03
TL2412,,13:38:37.800#,108.81,109.03,108.75,112.48,104.88,4171,23095,108.98,608,108.99,126,109.0,37,109.01,33,109.02,2,109.03,2,109.04,30,109.05,43,109.06,130,109.07,604,109.03
TL2412,,13:38:38.300#,108.81,109.03,108.75,112.48,104.88,4171,23095,108.98,603,108.99,131,109.0,37,109.01,33,109.02,3,109.03,1,109.04,25,109.05,53,109.06,120,109.07,604,109.03
TL2412,,13:38:38.800#,108.81,109.03,108.75,112.48,104.88,4171,23095,108.98,603,108.99,131,109.0,37,109.01,33,109.02,3,109.03,1,109.04,25,109.05,48,109.06,125,109.07,604,109.03
TL2412,,13:38:39.300#,108.81,109.03,108.75,112.48,104.88,4171,23095,108.98,603,108.99,131,109.0,37,109.01,33,109.02,3,109.03,1,109.04,25,109.05,48,109.06,130,109.07,604,109.03
TL2412,,13:38:45.800#,108.81,109.03,108.75,112.48,104.88,4172,23095,108.98,603,108.99,126,109.0,42,109.01,33,109.02,13,109.04,23,109.05,43,109.06,130,109.07,604,109.08,126,109.03
TL2412,,13:38:46.300#,108.81,109.03,108.75,112.48,104.88,4172,23095,108.98,603,108.99,121,109.0,48,109.01,33,109.02,14,109.04,3,109.05,43,109.06,45,109.07,117,109.08,603,109.03
TL2412,,13:38:46.800#,108.81,109.03,108.75,112.48,104.88,4172,23095,108.98,603,108.99,121,109.0,48,109.01,33,109.02,14,109.04,3,109.05,38,109.06,45,109.07,117,109.08,603,109.03
TL2412,,13:38:47.300#,108.81,109.03,108.75,112.48,104.88,4172,23095,108.98,603,108.99,121,109.0,48,109.01,33,109.02,14,109.04,3,109.05,28,109.06,50,109.07,122,109.08,603,109.03
TL2412,,13:38:54.300#,108.81,109.03,108.75,112.48,104.88,4172,23095,108.98,603,108.99,121,109.0,48,109.01,33,109.02,14,109.04,4,109.05,28,109.06,50,109.07,122,109.08,603,109.03
TL2412,,13:38:55.800#,108.81,109.03,108.75,112.48,104.88,4172,23095,108.98,603,108.99,121,109.0,48,109.01,33,109.02,14,109.04,3,109.05,23,109.06,55,109.07,122,109.08,603,109.03
TL2412,,13:39:02.800#,108.81,109.03,108.75,112.48,104.88,4172,23095,108.98,603,108.99,121,109.0,48,109.01,33,109.02,14,109.04,3,109.05,22,109.06,55,109.07,122,109.08,603,109.03
TL2412,,13:39:03.300#,108.81,109.04,108.75,112.48,104.88,4174,23094,108.99,121,109.0,38,109.01,43,109.02,10,109.03,11,109.04,1,109.05,27,109.06,45,109.07,122,109.08,603,109.04
TL2412,,13:39:03.800#,108.81,109.04,108.75,112.48,104.88,4174,23094,108.98,126,108.99,608,109.0,133,109.01,27,109.02,41,109.04,2,109.05,27,109.06,50,109.07,122,109.08,603,109.04
TL2412,,13:39:04.300#,108.81,109.04,108.75,112.48,104.88,4174,23094,108.99,116,109.0,43,109.01,37,109.02,11,109.03,2,109.04,2,109.05,27,109.06,50,109.07,122,109.08,603,109.04
TL2412,,13:39:04.800#,108.81,109.04,108.75,112.48,104.88,4174,23094,108.99,608,109.0,133,109.01,37,109.02,30,109.03,2,109.04,2,109.05,27,109.06,50,109.07,122,109.08,603,109.04
TL2412,,13:39:05.300#,108.81,109.04,108.75,112.48,104.88,4174,23094,108.99,608,109.0,128,109.01,32,109.02,45,109.03,3,109.04,2,109.05,27,109.06,50,109.07,122,109.08,603,109.04
TL2412,,13:39:05.800#,108.81,109.04,108.75,112.48,104.88,4174,23094,108.99,608,109.0,128,109.01,32,109.02,49,109.03,3,109.04,2,109.05,27,109.06,50,109.07,122,109.08,603,109.04
TL2412,,13:39:06.300#,108.81,109.04,108.75,112.48,104.88,4174,23094,108.99,608,109.0,128,109.01,32,109.02,49,109.03,4,109.04,2,109.05,27,109.06,50,109.07,122,109.08,603,109.04
TL2412,,13:39:07.800#,108.81,109.04,108.75,112.48,104.88,4176,23095,109.0,123,109.01,37,109.02,45,109.03,14,109.04,2,109.05,26,109.06,45,109.07,122,109.08,603,109.09,130,109.04
TL2412,,13:39:08.300#,108.81,109.04,108.75,112.48,104.88,4177,23096,108.99,131,109.0,610,109.01,122,109.02,45,109.03,33,109.05,1,109.06,45,109.07,38,109.08,116,109.09,607,109.04
TL2412,,13:39:08.800#,108.81,109.04,108.75,112.48,104.88,4177,23096,109.0,113,109.01,38,109.02,50,109.03,14,109.04,2,109.05,2,109.06,40,109.07,43,109.08,116,109.09,607,109.04
TL2412,,13:39:09.300#,108.81,109.04,108.75,112.48,104.88,4177,23096,109.0,605,109.01,123,109.02,45,109.03,33,109.04,2,109.05,2,109.06,45,109.07,38,109.08,121,109.09,607,109.04
TL2412,,13:39:09.800#,108.81,109.04,108.75,112.48,104.88,4177,23096,109.0,605,109.01,128,109.02,35,109.03,43,109.04,2,109.05,2,109.06,45,109.07,38,109.08,121,109.09,607,109.04
TL2412,,13:39:10.300#,108.81,109.04,108.75,112.48,104.88,4177,23096,109.0,605,109.01,128,109.02,35,109.03,48,109.04,3,109.05,2,109.06,45,109.07,38,109.08,121,109.09,607,109.04
TL2412,,13:39:15.800#,108.81,109.04,108.75,112.48,104.88,4177,23096,109.0,605,109.01,128,109.02,35,109.03,48,109.04,3,109.05,3,109.06,45,109.07,38,109.08,121,109.09,607,109.04
TL2412,,13:39:16.800#,108.81,109.04,108.75,112.48,104.88,4177,23096,109.0,605,109.01,128,109.02,35,109.03,48,109.04,3,109.05,3,109.06,45,109.07,38,109.08,122,109.09,607,109.04
TL2412,,13:39:18.300#,108.81,109.04,108.75,112.48,104.88,4177,23096,109.0,605,109.01,128,109.02,30,109.03,53,109.04,3,109.05,3,109.06,40,109.07,43,109.08,122,109.09,607,109.04
TL2412,,13:39:28.800#,108.81,109.05,108.75,112.48,104.88,4178,23096,109.0,605,109.01,128,109.02,30,109.03,53,109.04,3,109.05,2,109.06,41,109.07,43,109.08,122,109.09,607,109.05
TL2412,,13:39:29.300#,108.81,109.05,108.75,112.48,104.88,4179,23096,109.0,605,109.01,128,109.02,30,109.03,53,109.04,2,109.05,2,109.06,41,109.07,43,109.08,122,109.09,607,109.04
TL2412,,13:39:29.800#,108.81,109.05,108.75,112.48,104.88,4179,23096,109.0,605,109.01,128,109.02,30,109.03,53,109.04,3,109.05,2,109.06,41,109.07,43,109.08,122,109.09,607,109.04
TL2412,,13:39:35.300#,108.81,109.05,108.75,112.48,104.88,4180,23097,109.0,605,109.01,128,109.02,30,109.03,53,109.04,2,109.05,2,109.06,41,109.07,43,109.08,122,109.09,607,109.04
TL2412,,13:39:36.300#,108.81,109.05,108.75,112.48,104.88,4180,23097,109.0,605,109.01,128,109.02,30,109.03,52,109.04,2,109.05,2,109.06,41,109.07,43,109.08,122,109.09,607,109.04
TL2412,,13:39:46.300#,108.81,109.05,108.75,112.48,104.88,4180,23097,109.0,605,109.01,128,109.02,35,109.03,47,109.04,2,109.05,2,109.06,46,109.07,38,109.08,122,109.09,607,109.04
TL2412,,13:39:46.800#,108.81,109.05,108.75,112.48,104.88,4180,23097,109.0,605,109.01,128,109.02,35,109.03,47,109.04,1,109.05,2,109.06,46,109.07,38,109.08,122,109.09,607,109.04
TL2412,,13:39:47.300#,108.81,109.05,108.75,112.48,104.88,4181,23097,108.99,131,109.0,605,109.01,128,109.02,35,109.03,47,109.05,2,109.06,46,109.07,38,109.08,122,109.09,607,109.04
TL2412,,13:39:47.800#,108.81,109.05,108.75,112.48,104.88,4181,23097,108.99,608,109.0,113,109.01,38,109.02,40,109.03,14,109.05,2,109.06,41,109.07,43,109.08,122,109.09,607,109.04
TL2412,,13:39:48.300#,108.81,109.05,108.75,112.48,104.88,4181,23097,108.99,608,109.0,113,109.01,42,109.02,40,109.03,14,109.04,1,109.05,3,109.06,41,109.07,43,109.08,122,109.04
TL2412,,13:39:48.800#,108.81,109.05,108.75,112.48,104.88,4181,23097,108.99,608,109.0,128,109.01,32,109.02,40,109.03,2,109.04,1,109.05,18,109.06,36,109.07,123,109.08,514,109.04
TL2412,,13:39:49.300#,108.81,109.05,108.75,112.48,104.88,4181,23097,108.99,608,109.0,128,109.01,32,109.02,40,109.03,1,109.04,2,109.05,28,109.06,51,109.07,128,109.08,604,109.04
TL2412,,13:39:49.800#,108.81,109.05,108.75,112.48,104.88,4181,23097,108.99,608,109.0,128,109.01,32,109.02,40,109.03,1,109.04,2,109.05,28,109.06,51,109.07,123,109.08,604,109.04
TL2412,,13:39:50.300#,108.81,109.05,108.75,112.48,104.88,4182,23097,108.98,127,108.99,608,109.0,128,109.01,37,109.02,35,109.04,2,109.05,33,109.06,46,109.07,123,109.08,604,109.03
TL2412,,13:39:50.800#,108.81,109.05,108.75,112.48,104.88,4182,23097,108.99,116,109.0,37,109.01,42,109.02,12,109.03,3,109.04,2,109.05,33,109.06,46,109.07,123,109.08,604,109.03
TL2412,,13:39:51.300#,108.81,109.05,108.75,112.48,104.88,4185,23096,108.98,126,108.99,613,109.0,122,109.01,42,109.02,20,109.04,4,109.05,38,109.06,37,109.07,123,109.08,604,109.03
TL2412,,13:39:51.800#,108.81,109.05,108.75,112.48,104.88,4185,23096,108.98,603,108.99,116,109.0,37,109.01,52,109.02,12,109.04,2,109.05,33,109.06,47,109.07,123,109.08,604,109.03
TL2412,,13:39:52.300#,108.81,109.05,108.75,112.48,104.88,4185,23096,108.98,603,108.99,116,109.0,38,109.01,47,109.02,12,109.04,1,109.05,28,109.06,52,109.07,123,109.08,604,109.03
TL2412,,13:39:52.800#,108.81,109.05,108.75,112.48,104.88,4185,23096,108.98,603,108.99,121,109.0,43,109.01,42,109.02,12,109.04,1,109.05,28,109.06,52,109.07,123,109.08,604,109.03
TL2412,,13:39:54.300#,108.81,109.05,108.75,112.48,104.88,4185,23096,108.98,603,108.99,121,109.0,43,109.01,42,109.02,12,109.04,1,109.05,29,109.06,51,109.07,123,109.08,604,109.03
TL2412,,13:39:54.800#,108.81,109.05,108.75,112.48,104.88,4185,23096,108.99,121,109.0,43,109.01,42,109.02,12,109.03,1,109.04,1,109.05,29,109.06,51,109.07,123,109.08,604,109.03
TL2412,,13:39:55.300#,108.81,109.05,108.75,112.48,104.88,4185,23096,108.99,613,109.0,128,109.01,42,109.02,30,109.03,1,109.04,2,109.05,29,109.06,51,109.07,123,109.08,604,109.03
TL2412,,13:39:55.800#,108.81,109.05,108.75,112.48,104.88,4185,23096,108.99,608,109.0,128,109.01,32,109.02,45,109.03,1,109.04,2,109.05,29,109.06,51,109.07,123,109.08,604,109.03
TL2412,,13:39:56.300#,108.81,109.05,108.75,112.48,104.88,4185,23096,108.99,608,109.0,128,109.01,32,109.02,50,109.03,1,109.04,2,109.05,29,109.06,51,109.07,123,109.08,604,109.03
TL2412,,13:39:58.800#,108.81,109.05,108.75,112.48,104.88,4185,23096,108.99,608,109.0,128,109.01,37,109.02,45,109.03,1,109.04,2,109.05,34,109.06,46,109.07,123,109.08,604,109.03
TL2412,,13:40:01.800#,108.81,109.05,108.75,112.48,104.88,4185,23096,108.99,608,109.0,128,109.01,37,109.02,47,109.03,1,109.04,2,109.05,34,109.06,46,109.07,123,109.08,604,109.03
TL2412,,13:40:06.300#,108.81,109.05,108.75,112.48,104.88,4185,23096,108.99,608,109.0,128,109.01,37,109.02,47,109.03,1,109.04,3,109.05,34,109.06,46,109.07,123,109.08,604,109.03
TL2412,,13:40:13.800#,108.81,109.05,108.75,112.48,104.88,4185,23096,108.99,608,109.0,128,109.01,37,109.02,47,109.03,1,109.04,4,109.05,34,109.06,46,109.07,123,109.08,604,109.03
TL2412,,13:40:18.300#,108.81,109.05,108.75,112.48,104.88,4185,23096,108.99,608,109.0,128,109.01,37,109.02,47,109.03,2,109.04,3,109.05,34,109.06,46,109.07,123,109.08,604,109.03
TL2412,,13:40:18.800#,108.81,109.05,108.75,112.48,104.88,4185,23096,108.99,608,109.0,128,109.01,33,109.02,52,109.03,3,109.04,3,109.05,29,109.06,51,109.07,123,109.08,604,109.03
TL2412,,13:40:19.300#,108.81,109.05,108.75,112.48,104.88,4185,23096,108.99,608,109.0,128,109.01,33,109.02,52,109.03,4,109.04,3,109.05,29,109.06,51,109.07,123,109.08,604,109.03
TL2412,,13:40:21.300#,108.81,109.05,108.75,112.48,104.88,4185,23096,108.99,608,109.0,123,109.01,38,109.02,48,109.03,13,109.04,3,109.05,29,109.06,46,109.07,123,109.08,604,109.03
TL2412,,13:40:21.800#,108.81,109.05,108.75,112.48,104.88,4185,23096,108.99,608,109.0,128,109.01,28,109.02,53,109.03,4,109.04,3,109.05,29,109.06,46,109.07,128,109.08,604,109.03
TL2412,,13:40:22.300#,108.81,109.05,108.75,112.48,104.88,4185,23096,108.99,608,109.0,128,109.01,33,109.02,48,109.03,4,109.04,3,109.05,29,109.06,46,109.07,123,109.08,604,109.03
TL2412,,13:40:22.800#,108.81,109.05,108.75,112.48,104.88,4185,23096,108.99,608,109.0,128,109.01,33,109.02,48,109.03,4,109.04,3,109.05,29,109.06,51,109.07,123,109.08,604,109.03
TL2412,,13:40:36.300#,108.81,109.05,108.75,112.48,104.88,4185,23096,108.99,608,109.0,128,109.01,33,109.02,48,109.03,3,109.04,4,109.05,29,109.06,51,109.07,123,109.08,604,109.03
TL2412,,13:40:39.300#,108.81,109.05,108.75,112.48,104.88,4185,23096,108.99,608,109.0,123,109.01,38,109.02,48,109.03,13,109.04,3,109.05,29,109.06,46,109.07,123,109.08,604,109.03
TL2412,,13:40:39.800#,108.81,109.05,108.75,112.48,104.88,4185,23096,108.99,608,109.0,128,109.01,28,109.02,53,109.03,3,109.04,3,109.05,29,109.06,51,109.07,123,109.08,604,109.03
TL2412,,13:40:40.300#,108.81,109.05,108.75,112.48,104.88,4185,23096,108.99,608,109.0,128,109.01,38,109.02,43,109.03,3,109.04,3,109.05,34,109.06,46,109.07,123,109.08,604,109.03
TL2412,,13:40:41.300#,108.81,109.05,108.75,112.48,104.88,4185,23096,108.99,608,109.0,128,109.01,38,109.02,43,109.03,4,109.04,3,109.05,34,109.06,46,109.07,123,109.08,604,109.03
TL2412,,13:40:44.300#,108.81,109.05,108.75,112.48,104.88,4185,23096,108.99,608,109.0,128,109.01,33,109.02,48,109.03,6,109.04,3,109.05,29,109.06,51,109.07,123,109.08,604,109.03
TL2412,,13:40:44.800#,108.81,109.05,108.75,112.48,104.88,4186,23095,108.99,608,109.0,128,109.01,33,109.02,48,109.03,5,109.04,3,109.05,29,109.06,51,109.07,123,109.08,604,109.03
TL2412,,13:40:45.300#,108.81,109.05,108.75,112.48,104.88,4187,23094,108.99,608,109.0,128,109.01,33,109.02,48,109.03,4,109.04,3,109.05,29,109.06,51,109.07,123,109.08,604,109.03
TL2412,,13:40:45.800#,108.81,109.05,108.75,112.48,104.88,4190,23092,108.99,608,109.0,123,109.01,38,109.02,47,109.03,15,109.05,29,109.06,46,109.07,123,109.08,604,109.09,130,109.04
TL2412,,13:40:46.300#,108.81,109.05,108.75,112.48,104.88,4191,23091,109.0,113,109.01,43,109.02,52,109.03,15,109.04,1,109.05,4,109.06,41,109.07,43,109.08,117,109.09,607,109.04
TL2412,,13:40:46.800#,108.81,109.05,108.75,112.48,104.88,4191,23091,109.0,605,109.01,133,109.02,42,109.03,33,109.04,1,109.05,4,109.06,46,109.07,38,109.08,117,109.09,607,109.04
TL2412,,13:40:47.300#,108.81,109.05,108.75,112.48,104.88,4191,23091,109.0,605,109.01,128,109.02,37,109.03,43,109.04,1,109.05,3,109.06,51,109.07,33,109.08,122,109.09,607,109.04
TL2412,,13:40:47.800#,108.81,109.05,108.75,112.48,104.88,4191,23091,109.0,605,109.01,128,109.02,37,109.03,48,109.04,1,109.05,3,109.06,51,109.07,33,109.08,122,109.09,607,109.04
TL2412,,13:40:48.800#,108.81,109.05,108.75,112.48,104.88,4191,23091,109.0,605,109.01,128,109.02,37,109.03,48,109.04,1,109.05,4,109.06,51,109.07,33,109.08,122,109.09,607,109.04
TL2412,,13:41:00.300#,108.81,109.05,108.75,112.48,104.88,4192,23090,108.99,131,109.0,605,109.01,128,109.02,37,109.03,48,109.05,4,109.06,51,109.07,33,109.08,122,109.09,607,109.04
TL2412,,13:41:00.800#,108.81,109.05,108.75,112.48,104.88,4192,23090,108.99,608,109.0,113,109.01,38,109.02,42,109.03,13,109.05,4,109.06,46,109.07,38,109.08,122,109.09,607,109.04
TL2412,,13:41:01.300#,108.81,109.05,108.75,112.48,104.88,4192,23090,108.99,608,109.0,113,109.01,38,109.02,47,109.03,14,109.05,4,109.06,46,109.07,38,109.08,122,109.09,607,109.04
TL2412,,13:41:01.800#,108.81,109.05,108.75,112.48,104.88,4192,23090,108.99,608,109.0,118,109.01,38,109.02,47,109.03,14,109.05,4,109.06,46,109.07,38,109.08,122,109.09,607,109.04
TL2412,,13:41:08.800#,108.81,109.05,108.75,112.48,104.88,4192,23090,108.99,608,109.0,118,109.01,38,109.02,47,109.03,14,109.05,4,109.06,45,109.07,39,109.08,122,109.09,607,109.04
TL2412,,13:41:13.300#,108.81,109.05,108.75,112.48,104.88,4192,23090,108.99,608,109.0,123,109.01,33,109.02,47,109.03,2,109.04,2,109.05,4,109.06,40,109.07,39,109.08,122,109.04
TL2412,,13:41:14.800#,108.81,109.05,108.75,112.48,104.88,4192,23090,108.99,608,109.0,128,109.01,33,109.02,42,109.03,3,109.04,2,109.05,24,109.06,55,109.07,124,109.08,604,109.04
TL2412,,13:41:15.300#,108.81,109.05,108.75,112.48,104.88,4192,23090,108.99,608,109.0,128,109.01,33,109.02,42,109.03,3,109.04,2,109.05,29,109.06,50,109.07,124,109.08,604,109.04
TL2412,,13:41:16.300#,108.81,109.05,108.75,112.48,104.88,4192,23090,108.99,608,109.0,128,109.01,33,109.02,42,109.03,2,109.04,3,109.05,29,109.06,50,109.07,124,109.08,604,109.04
TL2412,,13:41:21.300#,108.81,109.05,108.75,112.48,104.88,4194,23088,109.0,123,109.01,38,109.02,42,109.03,13,109.04,2,109.05,29,109.06,45,109.07,124,109.08,604,109.09,130,109.04
TL2412,,13:41:21.800#,108.81,109.05,108.75,112.48,104.88,4196,23088,108.99,131,109.0,615,109.01,123,109.02,42,109.03,23,109.04,1,109.05,9,109.06,50,109.07,34,109.08,117,109.04
TL2412,,13:41:22.300#,108.81,109.05,108.75,112.48,104.88,4196,23088,108.99,608,109.0,123,109.01,28,109.02,52,109.03,2,109.04,2,109.05,23,109.06,55,109.07,124,109.08,604,109.04
TL2412,,13:41:22.800#,108.81,109.05,108.75,112.48,104.88,4196,23088,108.99,608,109.0,123,109.01,33,109.02,42,109.03,2,109.04,1,109.05,33,109.06,50,109.07,124,109.08,604,109.04
TL2412,,13:41:23.300#,108.81,109.05,108.75,112.48,104.88,4196,23088,108.99,608,109.0,128,109.01,33,109.02,42,109.03,2,109.04,2,109.05,33,109.06,50,109.07,124,109.08,604,109.04
TL2412,,13:41:24.300#,108.81,109.05,108.75,112.48,104.88,4196,23088,108.99,608,109.0,128,109.01,38,109.02,37,109.03,2,109.04,2,109.05,38,109.06,45,109.07,124,109.08,604,109.04
TL2412,,13:41:24.800#,108.81,109.05,108.75,112.48,104.88,4196,23088,108.99,608,109.0,128,109.01,38,109.02,32,109.03,2,109.04,3,109.05,38,109.06,45,109.07,124,109.08,604,109.04
TL2412,,13:41:26.800#,108.81,109.05,108.75,112.48,104.88,4196,23088,108.99,608,109.0,128,109.01,38,109.02,32,109.03,2,109.04,4,109.05,38,109.06,45,109.07,124,109.08,604,109.04
TL2412,,13:41:27.800#,108.81,109.05,108.75,112.48,104.88,4197,23088,108.99,608,109.0,128,109.01,38,109.02,32,109.03,2,109.04,3,109.05,38,109.06,45,109.07,124,109.08,604,109.04
TL2412,,13:41:29.300#,108.81,109.05,108.75,112.48,104.88,4197,23088,108.99,608,109.0,128,109.01,38,109.02,32,109.03,2,109.04,4,109.05,38,109.06,45,109.07,124,109.08,604,109.04
TL2412,,13:41:29.800#,108.81,109.05,108.75,112.48,104.88,4197,23088,108.99,608,109.0,128,109.01,38,109.02,32,109.03,2,109.04,3,109.05,38,109.06,45,109.07,124,109.08,604,109.04
TL2412,,13:41:30.300#,108.81,109.05,108.75,112.48,104.88,4197,23088,108.99,608,109.0,128,109.01,38,109.02,32,109.03,3,109.04,3,109.05,38,109.06,45,109.07,124,109.08,604,109.04
TL2412,,13:41:37.300#,108.81,109.05,108.75,112.48,104.88,4197,23088,108.99,608,109.0,128,109.01,38,109.02,32,109.03,3,109.04,3,109.05,53,109.06,45,109.07,124,109.08,604,109.04
TL2412,,13:41:37.800#,108.81,109.05,108.75,112.48,104.88,4197,23088,108.99,608,109.0,128,109.01,38,109.02,32,109.03,3,109.04,3,109.05,63,109.06,45,109.07,119,109.08,604,109.04
TL2412,,13:41:38.800#,108.81,109.05,108.75,112.48,104.88,4197,23088,108.99,608,109.0,128,109.01,38,109.02,32,109.03,2,109.04,3,109.05,63,109.06,45,109.07,119,109.08,604,109.04
TL2412,,13:41:40.800#,108.81,109.05,108.75,112.48,104.88,4197,23088,108.99,608,109.0,128,109.01,38,109.02,32,109.03,3,109.04,3,109.05,63,109.06,45,109.07,119,109.08,604,109.04
TL2412,,13:41:43.800#,108.81,109.05,108.75,112.48,104.88,4200,23089,109.0,123,109.01,38,109.02,37,109.03,13,109.04,1,109.05,54,109.06,45,109.07,119,109.08,604,109.09,130,109.04
TL2412,,13:41:44.300#,108.81,109.05,108.75,112.48,104.88,4206,23086,109.0,610,109.01,133,109.02,43,109.03,29,109.04,1,109.05,13,109.06,50,109.07,29,109.08,117,109.09,607,109.05
TL2412,,13:41:44.800#,108.81,109.05,108.75,112.48,104.88,4206,23086,109.0,605,109.01,128,109.02,38,109.03,44,109.04,2,109.05,13,109.06,51,109.07,34,109.08,122,109.09,607,109.05
TL2412,,13:41:45.300#,108.81,109.05,108.75,112.48,104.88,4206,23086,109.0,610,109.01,123,109.02,38,109.03,39,109.04,2,109.05,14,109.06,51,109.07,34,109.08,122,109.09,607,109.05
TL2412,,13:41:45.800#,108.81,109.05,108.75,112.48,104.88,4206,23086,109.0,605,109.01,128,109.02,38,109.03,34,109.04,2,109.05,13,109.06,51,109.07,34,109.08,122,109.09,607,109.05
TL2412,,13:41:52.800#,108.81,109.05,108.75,112.48,104.88,4206,23086,109.0,605,109.01,127,109.02,38,109.03,34,109.04,2,109.05,13,109.06,51,109.07,34,109.08,122,109.09,607,109.05
TL2412,,13:41:59.800#,108.81,109.05,108.75,112.48,104.88,4208,23087,108.99,131,109.0,610,109.01,122,109.02,38,109.03,34,109.05,15,109.06,50,109.07,29,109.08,122,109.09,607,109.04
TL2412,,13:42:00.300#,108.81,109.05,108.75,112.48,104.88,4208,23087,108.99,608,109.0,113,109.01,38,109.02,43,109.03,16,109.05,13,109.06,45,109.07,39,109.08,122,109.09,607,109.04
TL2412,,13:42:00.800#,108.81,109.05,108.75,112.48,104.88,4208,23087,108.99,608,109.0,113,109.01,43,109.02,43,109.03,16,109.05,13,109.06,45,109.07,39,109.08,122,109.09,607,109.04
TL2412,,13:42:01.300#,108.81,109.05,108.75,112.48,104.88,4208,23087,108.99,608,109.0,113,109.01,48,109.02,43,109.03,16,109.05,13,109.06,45,109.07,39,109.08,122,109.09,607,109.04
TL2412,,13:42:02.800#,108.81,109.05,108.75,112.48,104.88,4208,23087,108.99,608,109.0,118,109.01,43,109.02,43,109.03,4,109.04,2,109.05,14,109.06,45,109.07,34,109.08,122,109.04
TL2412,,13:42:03.300#,108.81,109.05,108.75,112.48,104.88,4208,23087,108.99,608,109.0,123,109.01,33,109.02,43,109.03,4,109.04,2,109.05,29,109.06,50,109.07,124,109.08,609,109.04
TL2412,,13:42:03.800#,108.81,109.05,108.75,112.48,104.88,4208,23087,108.99,608,109.0,128,109.01,33,109.02,43,109.03,4,109.04,2,109.05,39,109.06,50,109.07,124,109.08,604,109.04
TL2412,,13:42:17.300#,108.81,109.05,108.75,112.48,104.88,4209,23086,108.99,613,109.0,122,109.01,38,109.02,38,109.03,2,109.04,4,109.05,44,109.06,40,109.07,124,109.08,604,109.03
TL2412,,13:42:17.800#,108.81,109.05,108.75,112.48,104.88,4209,23086,108.99,608,109.0,127,109.01,38,109.02,34,109.03,2,109.04,2,109.05,49,109.06,45,109.07,124,109.08,604,109.03
TL2412,,13:42:19.800#,108.81,109.05,108.75,112.48,104.88,4209,23086,108.99,608,109.0,127,109.01,33,109.02,38,109.03,3,109.04,2,109.05,49,109.06,45,109.07,124,109.08,604,109.03
TL2412,,13:42:20.300#,108.81,109.05,108.75,112.48,104.88,4209,23086,108.99,608,109.0,127,109.01,38,109.02,33,109.03,3,109.04,2,109.05,54,109.06,40,109.07,124,109.08,604,109.03
TL2412,,13:42:20.800#,108.81,109.05,108.75,112.48,104.88,4209,23086,108.99,608,109.0,127,109.01,33,109.02,38,109.03,3,109.04,2,109.05,49,109.06,45,109.07,124,109.08,604,109.03
TL2412,,13:42:25.800#,108.81,109.05,108.75,112.48,104.88,4209,23086,108.99,608,109.0,127,109.01,33,109.02,38,109.03,3,109.04,7,109.05,49,109.06,45,109.07,124,109.08,604,109.03
TL2412,,13:42:26.300#,108.81,109.05,108.75,112.48,104.88,4209,23086,108.99,608,109.0,127,109.01,33,109.02,38,109.03,3,109.04,7,109.05,49,109.06,50,109.07,119,109.08,604,109.03
TL2412,,13:42:31.300#,108.81,109.05,108.75,112.48,104.88,4210,23086,108.98,126,108.99,613,109.0,123,109.01,38,109.02,33,109.04,9,109.05,54,109.06,40,109.07,119,109.08,604,109.03
TL2412,,13:42:31.800#,108.81,109.05,108.75,112.48,104.88,4210,23086,108.98,603,108.99,121,109.0,39,109.01,38,109.02,3,109.03,1,109.04,8,109.05,54,109.06,40,109.07,119,109.03
TL2412,,13:42:32.300#,108.81,109.05,108.75,112.48,104.88,4210,23086,108.98,603,108.99,126,109.0,35,109.01,38,109.02,4,109.04,20,109.05,54,109.06,130,109.07,511,109.08,232,109.03
TL2412,,13:42:32.800#,108.81,109.05,108.75,112.48,104.88,4210,23086,108.98,603,108.99,131,109.0,35,109.01,33,109.02,4,109.04,5,109.05,49,109.06,50,109.07,114,109.08,604,109.03
TL2412,,13:42:33.300#,108.81,109.05,108.75,112.48,104.88,4210,23086,108.98,603,108.99,131,109.0,35,109.01,38,109.02,4,109.04,5,109.05,54,109.06,45,109.07,114,109.08,604,109.03
TL2412,,13:42:33.800#,108.81,109.05,108.75,112.48,104.88,4210,23086,108.98,603,108.99,126,109.0,40,109.01,38,109.02,4,109.04,5,109.05,54,109.06,45,109.07,119,109.08,604,109.03
TL2412,,13:42:34.300#,108.81,109.05,108.75,112.48,104.88,4210,23086,108.98,603,108.99,126,109.0,40,109.01,38,109.02,4,109.04,5,109.05,54,109.06,40,109.07,119,109.08,604,109.03
TL2412,,13:42:34.800#,108.81,109.05,108.75,112.48,104.88,4210,23086,108.98,603,108.99,126,109.0,40,109.01,38,109.02,4,109.04,6,109.05,54,109.06,40,109.07,124,109.08,604,109.03
TL2412,,13:42:35.300#,108.81,109.05,108.75,112.48,104.88,4210,23086,108.98,603,108.99,126,109.0,40,109.01,38,109.02,4,109.04,6,109.05,54,109.06,45,109.07,119,109.08,604,109.03
TL2412,,13:42:36.300#,108.81,109.05,108.75,112.48,104.88,4210,23086,108.98,603,108.99,121,109.0,44,109.01,38,109.02,13,109.04,7,109.05,54,109.06,40,109.07,119,109.08,604,109.03
TL2412,,13:42:36.800#,108.81,109.05,108.75,112.48,104.88,4210,23086,108.98,603,108.99,121,109.0,45,109.01,38,109.02,15,109.04,7,109.05,54,109.06,45,109.07,119,109.08,604,109.03
TL2412,,13:42:45.300#,108.81,109.05,108.75,112.48,104.88,4210,23086,108.98,603,108.99,121,109.0,44,109.01,38,109.02,15,109.03,2,109.04,7,109.05,54,109.06,45,109.07,119,109.03
TL2412,,13:42:45.800#,108.81,109.05,108.75,112.48,104.88,4211,23086,108.98,603,108.99,131,109.0,34,109.01,37,109.02,3,109.03,1,109.04,21,109.05,54,109.06,130,109.07,511,109.03
TL2412,,13:42:46.300#,108.81,109.05,108.75,112.48,104.88,4211,23086,108.98,603,108.99,131,109.0,34,109.01,37,109.02,3,109.03,1,109.04,27,109.05,59,109.06,130,109.07,606,109.03
TL2412,,13:42:46.800#,108.81,109.05,108.75,112.48,104.88,4211,23086,108.98,603,108.99,131,109.0,33,109.01,37,109.02,3,109.03,1,109.04,33,109.05,54,109.06,125,109.07,606,109.03
TL2412,,13:42:47.300#,108.81,109.05,108.75,112.48,104.88,4211,23086,108.98,603,108.99,131,109.0,33,109.01,37,109.02,3,109.03,1,109.04,32,109.05,54,109.06,125,109.07,606,109.03
TL2412,,13:42:47.800#,108.81,109.05,108.75,112.48,104.88,4211,23086,108.98,603,108.99,131,109.0,34,109.01,37,109.02,3,109.03,1,109.04,31,109.05,54,109.06,130,109.07,606,109.03
TL2412,,13:42:48.300#,108.81,109.05,108.75,112.48,104.88,4211,23086,108.98,603,108.99,131,109.0,34,109.01,37,109.02,3,109.03,1,109.04,32,109.05,54,109.06,130,109.07,606,109.03
TL2412,,13:42:52.300#,108.81,109.05,108.75,112.48,104.88,4211,23086,108.98,603,108.99,131,109.0,33,109.01,37,109.02,3,109.03,1,109.04,32,109.05,54,109.06,125,109.07,606,109.03
TL2412,,13:42:52.800#,108.81,109.05,108.75,112.48,104.88,4211,23086,108.98,603,108.99,131,109.0,33,109.01,37,109.02,3,109.03,1,109.04,32,109.05,59,109.06,125,109.07,606,109.03
TL2412,,13:42:53.300#,108.81,109.05,108.75,112.48,104.88,4211,23086,108.98,603,108.99,131,109.0,38,109.01,32,109.02,3,109.03,1,109.04,37,109.05,54,109.06,125,109.07,606,109.03
TL2412,,13:42:54.800#,108.81,109.05,108.75,112.48,104.88,4211,23086,108.98,603,108.99,131,109.0,33,109.01,37,109.02,3,109.03,1,109.04,32,109.05,59,109.06,125,109.07,606,109.03
TL2412,,13:43:03.300#,108.81,109.05,108.75,112.48,104.88,4211,23086,108.98,603,108.99,131,109.0,33,109.01,37,109.02,2,109.03,1,109.04,32,109.05,59,109.06,125,109.07,606,109.03
TL2412,,13:43:03.800#,108.81,109.05,108.75,112.48,104.88,4211,23086,108.98,603,108.99,131,109.0,33,109.01,37,109.02,2,109.03,2,109.04,32,109.05,59,109.06,125,109.07,606,109.03
TL2412,,13:43:07.300#,108.81,109.05,108.75,112.48,104.88,4211,23086,108.98,603,108.99,131,109.0,33,109.01,37,109.02,3,109.03,3,109.04,32,109.05,59,109.06,125,109.07,606,109.03
TL2412,,13:43:23.300#,108.81,109.05,108.75,112.48,104.88,4211,23086,108.98,603,108.99,131,109.0,33,109.01,37,109.02,3,109.03,3,109.04,32,109.05,60,109.06,125,109.07,606,109.03
TL2412,,13:43:26.800#,108.81,109.05,108.75,112.48,104.88,4211,23086,108.98,603,108.99,126,109.0,38,109.01,37,109.02,14,109.03,1,109.04,32,109.05,55,109.06,130,109.07,606,109.03
TL2412,,13:43:27.800#,108.81,109.05,108.75,112.48,104.88,4212,23086,108.98,603,108.99,121,109.0,38,109.01,32,109.02,9,109.04,7,109.05,45,109.06,45,109.07,114,109.08,604,109.03
TL2412,,13:43:28.300#,108.81,109.05,108.75,112.48,104.88,4212,23086,108.98,603,108.99,121,109.0,38,109.01,32,109.02,9,109.04,7,109.05,50,109.06,40,109.07,114,109.08,604,109.03
TL2412,,13:43:28.800#,108.81,109.05,108.75,112.48,104.88,4212,23086,108.98,603,108.99,121,109.0,43,109.01,37,109.02,9,109.04,7,109.05,55,109.06,40,109.07,124,109.08,604,109.03
TL2412,,13:43:30.300#,108.81,109.05,108.75,112.48,104.88,4213,23085,108.98,603,108.99,121,109.0,43,109.01,37,109.02,9,109.04,7,109.05,54,109.06,45,109.07,119,109.08,604,109.02
TL2412,,13:43:50.800#,108.81,109.05,108.75,112.48,104.88,4214,23086,108.99,608,109.0,129,109.01,38,109.02,36,109.03,4,109.04,7,109.05,54,109.06,45,109.07,119,109.08,604,109.02
TL2412,,13:43:51.800#,108.81,109.05,108.75,112.48,104.88,4214,23086,108.99,608,109.0,129,109.01,38,109.02,37,109.03,4,109.04,7,109.05,54,109.06,45,109.07,119,109.08,604,109.02
TL2412,,13:43:57.800#,108.81,109.05,108.75,112.48,104.88,4214,23086,108.99,608,109.0,129,109.01,38,109.02,36,109.03,4,109.04,7,109.05,54,109.06,45,109.07,119,109.08,604,109.02
TL2412,,13:44:06.300#,108.81,109.05,108.75,112.48,104.88,4216,23084,108.99,608,109.0,124,109.01,38,109.02,37,109.03,8,109.04,4,109.05,49,109.06,45,109.07,119,109.08,604,109.04
TL2412,,13:44:06.800#,108.81,109.05,108.75,112.48,104.88,4218,23082,108.99,608,109.0,129,109.01,33,109.02,37,109.03,4,109.04,2,109.05,50,109.06,45,109.07,119,109.08,604,109.04
TL2412,,13:44:07.300#,108.81,109.05,108.75,112.48,104.88,4218,23082,108.99,608,109.0,129,109.01,38,109.02,32,109.03,4,109.04,3,109.05,55,109.06,40,109.07,124,109.08,604,109.04
TL2412,,13:44:07.800#,108.81,109.05,108.75,112.48,104.88,4220,23081,108.99,608,109.0,124,109.01,38,109.02,37,109.03,10,109.05,49,109.06,40,109.07,124,109.08,604,109.09,129,109.04
TL2412,,13:44:08.300#,108.81,109.05,108.75,112.48,104.88,4220,23081,108.99,608,109.0,124,109.01,38,109.02,37,109.03,4,109.05,18,109.06,55,109.07,29,109.08,117,109.09,606,109.04
TL2412,,13:44:08.800#,108.81,109.05,108.75,112.48,104.88,4220,23081,108.99,608,109.0,124,109.01,38,109.02,37,109.03,4,109.04,3,109.05,20,109.06,60,109.07,24,109.08,117,109.04
TL2412,,13:44:09.300#,108.81,109.05,108.75,112.48,104.88,4220,23081,108.99,608,109.0,129,109.01,38,109.02,32,109.03,4,109.04,3,109.05,49,109.06,45,109.07,124,109.08,604,109.04
TL2412,,13:44:09.800#,108.81,109.05,108.75,112.48,104.88,4220,23081,108.99,608,109.0,129,109.01,38,109.02,32,109.03,4,109.04,4,109.05,59,109.06,40,109.07,124,109.08,604,109.04
TL2412,,13:44:10.300#,108.81,109.05,108.75,112.48,104.88,4220,23081,108.99,608,109.0,129,109.01,38,109.02,32,109.03,4,109.04,5,109.05,59,109.06,45,109.07,119,109.08,604,109.04
TL2412,,13:44:19.300#,108.81,109.05,108.75,112.48,104.88,4220,23081,108.99,608,109.0,129,109.01,33,109.02,37,109.03,4,109.04,5,109.05,54,109.06,50,109.07,119,109.08,604,109.04
TL2412,,13:44:21.300#,108.81,109.05,108.75,112.48,104.88,4220,23081,108.99,608,109.0,129,109.01,33,109.02,38,109.03,4,109.04,5,109.05,54,109.06,50,109.07,119,109.08,604,109.04
TL2412,,13:44:22.800#,108.81,109.05,108.75,112.48,104.88,4220,23081,108.99,608,109.0,129,109.01,38,109.02,33,109.03,4,109.04,5,109.05,59,109.06,45,109.07,119,109.08,604,109.04
TL2412,,13:44:27.300#,108.81,109.05,108.75,112.48,104.88,4220,23081,108.99,613,109.0,123,109.01,37,109.02,33,109.03,4,109.04,5,109.05,58,109.06,40,109.07,119,109.08,604,109.04
TL2412,,13:44:27.800#,108.81,109.05,108.75,112.48,104.88,4224,23085,108.98,126,108.99,613,109.0,123,109.01,37,109.02,33,109.04,7,109.05,68,109.06,30,109.07,119,109.08,604,109.03
TL2412,,13:44:28.300#,108.81,109.05,108.75,112.48,104.88,4224,23085,108.98,603,108.99,121,109.0,38,109.01,37,109.02,3,109.04,7,109.05,68,109.06,35,109.07,119,109.08,604,109.03
TL2412,,13:44:36.800#,108.81,109.05,108.75,112.48,104.88,4224,23085,108.98,603,108.99,121,109.0,37,109.01,37,109.02,3,109.04,7,109.05,68,109.06,35,109.07,119,109.08,604,109.03
TL2412,,13:44:37.300#,108.81,109.05,108.75,112.48,104.88,4224,23085,108.98,603,108.99,125,109.0,37,109.01,37,109.02,3,109.04,7,109.05,68,109.06,35,109.07,119,109.08,604,109.03
TL2412,,13:44:37.800#,108.81,109.05,108.75,112.48,104.88,4224,23085,108.98,603,108.99,125,109.0,37,109.01,37,109.02,3,109.04,7,109.05,68,109.06,35,109.07,119,109.08,603,109.03
TL2412,,13:44:38.300#,108.81,109.05,108.75,112.48,104.88,4224,23085,108.98,603,108.99,125,109.0,37,109.01,37,109.02,2,109.04,7,109.05,68,109.06,35,109.07,119,109.08,603,109.03
TL2412,,13:44:44.300#,108.81,109.05,108.75,112.48,104.88,4224,23085,108.98,603,108.99,125,109.0,37,109.01,37,109.02,2,109.04,5,109.05,63,109.06,35,109.07,119,109.08,603,109.03
TL2412,,13:44:44.800#,108.81,109.05,108.75,112.48,104.88,4224,23085,108.98,603,108.99,125,109.0,37,109.01,37,109.02,2,109.04,6,109.05,68,109.06,30,109.07,119,109.08,603,109.03
TL2412,,13:44:45.300#,108.81,109.05,108.75,112.48,104.88,4224,23085,108.98,603,108.99,120,109.0,42,109.01,37,109.02,7,109.04,5,109.05,58,109.06,40,109.07,119,109.08,603,109.03
TL2412,,13:44:45.800#,108.81,109.05,108.75,112.48,104.88,4224,23085,108.98,603,108.99,125,109.0,37,109.01,37,109.02,2,109.04,6,109.05,68,109.06,30,109.07,119,109.08,603,109.03
TL2412,,13:44:46.300#,108.81,109.05,108.75,112.48,104.88,4224,23085,108.98,603,108.99,125,109.0,37,109.01,37,109.02,2,109.04,5,109.05,58,109.06,40,109.07,119,109.08,603,109.03
TL2412,,13:44:46.800#,108.81,109.05,108.75,112.48,104.88,4224,23085,108.98,603,108.99,120,109.0,42,109.01,37,109.02,8,109.04,5,109.05,58,109.06,40,109.07,119,109.08,603,109.03
TL2412,,13:44:47.300#,108.81,109.05,108.75,112.48,104.88,4224,23085,108.98,603,108.99,125,109.0,37,109.01,37,109.02,2,109.04,5,109.05,63,109.06,35,109.07,119,109.08,603,109.03
TL2412,,13:44:47.800#,108.81,109.05,108.75,112.48,104.88,4224,23085,108.98,603,108.99,120,109.0,42,109.01,37,109.02,8,109.04,5,109.05,58,109.06,40,109.07,119,109.08,603,109.03
TL2412,,13:44:48.300#,108.81,109.05,108.75,112.48,104.88,4224,23085,108.98,603,108.99,120,109.0,42,109.01,37,109.02,8,109.04,5,109.05,58,109.06,45,109.07,119,109.08,603,109.03
TL2412,,13:44:48.800#,108.81,109.05,108.75,112.48,104.88,4224,23085,108.98,603,108.99,120,109.0,43,109.01,37,109.02,8,109.04,5,109.05,58,109.06,45,109.07,119,109.08,603,109.03
TL2412,,13:44:49.300#,108.81,109.05,108.75,112.48,104.88,4224,23085,108.99,120,109.0,43,109.01,37,109.02,8,109.03,2,109.04,5,109.05,58,109.06,45,109.07,119,109.08,603,109.03
TL2412,,13:44:49.800#,108.81,109.05,108.75,112.48,104.88,4224,23085,108.99,612,109.0,133,109.01,37,109.02,26,109.03,2,109.04,5,109.05,53,109.06,50,109.07,119,109.08,603,109.03
TL2412,,13:44:50.300#,108.81,109.05,108.75,112.48,104.88,4224,23085,108.99,607,109.0,128,109.01,33,109.02,41,109.03,2,109.04,5,109.05,53,109.06,50,109.07,119,109.08,603,109.03
TL2412,,13:44:50.800#,108.81,109.05,108.75,112.48,104.88,4224,23085,108.99,607,109.0,128,109.01,33,109.02,46,109.03,2,109.04,5,109.05,53,109.06,50,109.07,119,109.08,603,109.03
TL2412,,13:44:51.300#,108.81,109.05,108.75,112.48,104.88,4224,23085,108.99,607,109.0,128,109.01,38,109.02,41,109.03,2,109.04,5,109.05,58,109.06,45,109.07,119,109.08,603,109.03
TL2412,,13:44:53.300#,108.81,109.05,108.75,112.48,104.88,4224,23085,108.99,607,109.0,128,109.01,38,109.02,41,109.03,2,109.04,6,109.05,58,109.06,45,109.07,119,109.08,603,109.03
TL2412,,13:44:53.800#,108.81,109.05,108.75,112.48,104.88,4224,23085,108.99,607,109.0,127,109.01,39,109.02,41,109.03,2,109.04,6,109.05,58,109.06,45,109.07,119,109.08,603,109.03
TL2412,,13:44:57.300#,108.81,109.05,108.75,112.48,104.88,4224,23085,108.99,607,109.0,127,109.01,39,109.02,41,109.03,3,109.04,6,109.05,58,109.06,45,109.07,119,109.08,603,109.03
TL2412,,13:45:02.300#,108.81,109.05,108.75,112.48,104.88,4225,23085,108.99,607,109.0,122,109.01,40,109.02,44,109.03,9,109.04,3,109.05,49,109.06,45,109.07,119,109.08,603,109.04
TL2412,,13:45:02.800#,108.81,109.05,108.75,112.48,104.88,4228,23084,108.99,607,109.0,127,109.01,35,109.02,45,109.03,6,109.05,49,109.06,40,109.07,124,109.08,603,109.09,129,109.04
TL2412,,13:45:03.300#,108.81,109.05,108.75,112.48,104.88,4228,23084,109.0,117,109.01,45,109.02,45,109.03,12,109.04,1,109.05,14,109.06,40,109.07,44,109.08,116,109.09,606,109.04
TL2412,,13:45:03.800#,108.81,109.05,108.75,112.48,104.88,4228,23084,109.0,604,109.01,140,109.02,45,109.03,23,109.04,1,109.05,14,109.06,50,109.07,34,109.08,116,109.09,606,109.04
TL2412,,13:45:04.300#,108.81,109.05,108.75,112.48,104.88,4232,23082,109.0,604,109.01,125,109.02,40,109.03,39,109.04,10,109.05,9,109.06,37,109.07,39,109.08,121,109.09,606,109.05
TL2412,,13:45:04.800#,108.81,109.05,108.75,112.48,104.88,4241,23082,109.01,125,109.02,43,109.03,39,109.04,10,109.05,1,109.06,26,109.07,44,109.08,126,109.09,606,109.1,129,109.05
TL2412,,13:45:05.300#,108.81,109.05,108.75,112.48,104.88,4241,23082,109.01,612,109.02,128,109.03,49,109.04,34,109.05,4,109.06,1,109.07,39,109.08,32,109.09,119,109.1,581,109.05
TL2412,,13:45:05.800#,108.81,109.05,108.75,112.48,104.88,4241,23082,109.01,607,109.02,133,109.03,35,109.04,40,109.05,3,109.06,1,109.07,29,109.08,42,109.09,129,109.1,606,109.05
TL2412,,13:45:06.300#,108.81,109.06,108.75,112.48,104.88,4242,23081,109.01,607,109.02,128,109.03,39,109.04,45,109.05,5,109.07,29,109.08,42,109.09,124,109.1,606,109.11,126,109.06
TL2412,,13:45:06.800#,108.81,109.06,108.75,112.48,104.88,4242,23081,109.02,123,109.03,40,109.04,51,109.05,13,109.06,5,109.07,8,109.08,42,109.09,50,109.1,119,109.11,583,109.06
TL2412,,13:45:07.300#,108.81,109.06,108.75,112.48,104.88,4245,23079,109.01,130,109.02,609,109.03,129,109.04,50,109.05,21,109.07,5,109.08,42,109.09,40,109.1,119,109.11,603,109.06
TL2412,,13:45:07.800#,108.81,109.06,108.75,112.48,104.88,4245,23079,109.01,526,109.02,117,109.03,33,109.04,49,109.05,6,109.06,3,109.07,15,109.08,37,109.09,41,109.1,124,109.06
TL2412,,13:45:08.300#,108.81,109.06,108.75,112.48,104.88,4246,23079,109.02,122,109.03,29,109.04,39,109.05,3,109.06,2,109.07,21,109.08,47,109.09,126,109.1,526,109.11,126,109.06
TL2412,,13:45:08.800#,108.81,109.06,108.75,112.48,104.88,4246,23079,109.02,439,109.03,129,109.04,29,109.05,22,109.06,2,109.07,5,109.08,42,109.09,41,109.1,119,109.11,523,109.06
TL2412,,13:45:09.300#,108.81,109.06,108.75,112.48,104.88,4246,23079,109.02,529,109.03,129,109.04,34,109.05,27,109.06,3,109.07,5,109.08,37,109.09,41,109.1,119,109.11,523,109.06
TL2412,,13:45:09.800#,108.81,109.06,108.75,112.48,104.88,4246,23079,109.02,529,109.03,129,109.04,39,109.05,27,109.06,3,109.07,5,109.08,32,109.09,41,109.1,124,109.11,523,109.06
TL2412,,13:45:10.300#,108.81,109.06,108.75,112.48,104.88,4246,23079,109.02,529,109.03,129,109.04,39,109.05,27,109.06,2,109.07,5,109.08,32,109.09,41,109.1,124,109.11,523,109.06
TL2412,,13:45:10.800#,108.81,109.06,108.75,112.48,104.88,4246,23079,109.02,529,109.03,124,109.04,39,109.05,32,109.06,4,109.07,5,109.08,27,109.09,41,109.1,124,109.11,523,109.06
TL2412,,13:45:11.300#,108.81,109.06,108.75,112.48,104.88,4246,23079,109.02,529,109.03,124,109.04,44,109.05,27,109.06,4,109.07,5,109.08,32,109.09,36,109.1,129,109.11,523,109.06
TL2412,,13:45:11.800#,108.81,109.06,108.75,112.48,104.88,4246,23079,109.02,529,109.03,124,109.04,44,109.05,28,109.06,4,109.07,5,109.08,32,109.09,36,109.1,129,109.11,523,109.06
TL2412,,13:45:12.300#,108.81,109.06,108.75,112.48,104.88,4246,23079,109.02,529,109.03,129,109.04,35,109.05,33,109.06,2,109.07,5,109.08,27,109.09,41,109.1,129,109.11,523,109.06
TL2412,,13:45:12.800#,108.81,109.07,108.75,112.48,104.88,4247,23079,109.02,529,109.03,124,109.04,44,109.05,28,109.06,4,109.07,4,109.08,32,109.09,36,109.1,129,109.11,523,109.07
TL2412,,13:45:13.800#,108.81,109.07,108.75,112.48,104.88,4248,23079,109.02,609,109.03,129,109.04,39,109.05,28,109.06,2,109.07,1,109.08,33,109.09,36,109.1,124,109.11,603,109.07
TL2412,,13:45:14.300#,108.81,109.07,108.75,112.48,104.88,4248,23079,109.02,609,109.03,125,109.04,44,109.05,28,109.06,4,109.07,3,109.08,32,109.09,36,109.1,124,109.11,604,109.07
TL2412,,13:45:14.800#,108.81,109.07,108.75,112.48,104.88,4248,23079,109.02,609,109.03,125,109.04,39,109.05,33,109.06,4,109.07,3,109.08,27,109.09,41,109.1,129,109.11,604,109.07
TL2412,,13:45:15.300#,108.81,109.07,108.75,112.48,104.88,4249,23080,109.02,609,109.03,125,109.04,39,109.05,33,109.06,4,109.07,2,109.08,27,109.09,41,109.1,129,109.11,604,109.07
TL2412,,13:45:16.300#,108.81,109.07,108.75,112.48,104.88,4249,23080,109.02,609,109.03,125,109.04,39,109.05,33,109.06,3,109.07,2,109.08,27,109.09,41,109.1,129,109.11,604,109.07
TL2412,,13:45:16.800#,108.81,109.07,108.75,112.48,104.88,4249,23080,109.02,609,109.03,125,109.04,43,109.05,28,109.06,3,109.07,2,109.08,32,109.09,36,109.1,129,109.11,604,109.07
TL2412,,13:45:17.300#,108.81,109.07,108.75,112.48,104.88,4249,23080,109.02,609,109.03,129,109.04,33,109.05,33,109.06,1,109.07,2,109.08,27,109.09,41,109.1,129,109.11,604,109.07
TL2412,,13:45:17.800#,108.81,109.07,108.75,112.48,104.88,4249,23080,109.02,609,109.03,129,109.04,38,109.05,28,109.06,1,109.07,2,109.08,32,109.09,36,109.1,124,109.11,604,109.07
TL2412,,13:45:18.300#,108.81,109.07,108.75,112.48,104.88,4250,23081,109.02,609,109.03,129,109.04,38,109.05,28,109.06,1,109.08,32,109.09,41,109.1,124,109.11,604,109.12,125,109.07
TL2412,,13:45:18.800#,108.81,109.07,108.75,112.48,104.88,4250,23081,109.02,609,109.03,124,109.04,43,109.05,28,109.06,1,109.07,1,109.08,16,109.09,46,109.1,30,109.11,117,109.07
TL2412,,13:45:19.300#,108.81,109.07,108.75,112.48,104.88,4250,23081,109.02,609,109.03,129,109.04,38,109.05,28,109.06,1,109.07,1,109.08,30,109.09,51,109.1,120,109.11,604,109.07
TL2412,,13:45:19.800#,108.81,109.07,108.75,112.48,104.88,4250,23081,109.02,609,109.03,129,109.04,38,109.05,28,109.06,1,109.07,1,109.08,40,109.09,41,109.1,125,109.11,604,109.07
TL2412,,13:45:20.300#,108.81,109.07,108.75,112.48,104.88,4250,23081,109.02,609,109.03,124,109.04,38,109.05,33,109.06,4,109.07,1,109.08,32,109.09,41,109.1,120,109.11,604,109.07
TL2412,,13:45:20.800#,108.81,109.07,108.75,112.48,104.88,4250,23081,109.02,609,109.03,124,109.04,38,109.05,33,109.06,4,109.08,27,109.09,41,109.1,130,109.11,604,109.12,125,109.07
TL2412,,13:45:21.300#,108.81,109.07,108.75,112.48,104.88,4250,23081,109.02,609,109.03,124,109.04,43,109.05,28,109.06,2,109.07,1,109.08,12,109.09,36,109.1,35,109.11,117,109.07
TL2412,,13:45:21.800#,108.81,109.07,108.75,112.48,104.88,4250,23081,109.02,609,109.03,124,109.04,38,109.05,33,109.06,4,109.07,1,109.08,17,109.09,41,109.1,135,109.11,604,109.07
TL2412,,13:45:22.300#,108.81,109.07,108.75,112.48,104.88,4250,23081,109.02,609,109.03,124,109.04,38,109.05,33,109.06,4,109.07,1,109.08,17,109.09,51,109.1,130,109.11,604,109.07
TL2412,,13:45:22.800#,108.81,109.07,108.75,112.48,104.88,4250,23081,109.02,609,109.03,124,109.04,38,109.05,33,109.06,4,109.07,1,109.08,17,109.09,46,109.1,130,109.11,604,109.07
TL2412,,13:45:23.800#,108.81,109.07,108.75,112.48,104.88,4250,23081,109.02,609,109.03,124,109.04,38,109.05,33,109.06,4,109.07,2,109.08,17,109.09,46,109.1,135,109.11,604,109.07
TL2412,,13:45:24.300#,108.81,109.07,108.75,112.48,104.88,4250,23081,109.02,609,109.03,124,109.04,38,109.05,33,109.06,3,109.07,2,109.08,23,109.09,41,109.1,135,109.11,604,109.07
TL2412,,13:45:24.800#,108.81,109.07,108.75,112.48,104.88,4250,23081,109.02,609,109.03,129,109.04,33,109.05,33,109.06,1,109.07,2,109.08,28,109.09,41,109.1,125,109.11,604,109.07
TL2412,,13:45:25.300#,108.81,109.07,108.75,112.48,104.88,4250,23081,109.01,129,109.02,609,109.03,129,109.04,38,109.05,28,109.07,2,109.08,33,109.09,41,109.1,125,109.11,604,109.07
TL2412,,13:45:25.800#,108.81,109.07,108.75,112.48,104.88,4251,23081,109.01,606,109.02,117,109.03,39,109.04,38,109.05,5,109.07,3,109.08,33,109.09,41,109.1,125,109.11,604,109.06
TL2412,,13:45:26.300#,108.81,109.07,108.75,112.48,104.88,4251,23081,109.01,606,109.02,117,109.03,44,109.04,33,109.05,5,109.07,3,109.08,33,109.09,41,109.1,125,109.11,604,109.06
TL2412,,13:45:26.800#,108.81,109.07,108.75,112.48,104.88,4254,23082,109.01,606,109.02,122,109.03,44,109.04,33,109.05,5,109.08,33,109.09,41,109.1,125,109.11,604,109.12,125,109.07
TL2412,,13:45:27.300#,108.81,109.07,108.75,112.48,104.88,4254,23082,109.02,122,109.03,44,109.04,33,109.05,5,109.06,1,109.07,2,109.08,16,109.09,41,109.1,40,109.11,112,109.07
TL2412,,13:45:27.800#,108.81,109.08,108.75,112.48,104.88,4255,23082,109.02,519,109.03,124,109.04,33,109.05,33,109.06,2,109.08,17,109.09,46,109.1,125,109.11,604,109.12,125,109.08
TL2412,,13:45:28.300#,108.81,109.08,108.75,112.48,104.88,4256,23081,109.02,609,109.03,119,109.04,44,109.05,44,109.06,5,109.08,2,109.09,47,109.1,40,109.11,117,109.12,602,109.08
TL2412,,13:45:28.800#,108.81,109.08,108.75,112.48,104.88,4256,23081,109.02,609,109.03,119,109.04,44,109.05,49,109.06,5,109.07,1,109.08,2,109.09,42,109.1,40,109.11,117,109.08
TL2412,,13:45:29.300#,108.81,109.08,108.75,112.48,104.88,4256,23081,109.02,609,109.03,129,109.04,34,109.05,40,109.06,3,109.07,1,109.08,19,109.09,36,109.1,120,109.11,429,109.08
TL2412,,13:45:29.800#,108.81,109.08,108.75,112.48,104.88,4256,23081,109.02,609,109.03,129,109.04,34,109.05,40,109.06,3,109.07,1,109.08,24,109.09,51,109.1,125,109.11,604,109.08
TL2412,,13:45:30.300#,108.81,109.08,108.75,112.48,104.88,4257,23081,109.02,609,109.03,129,109.04,34,109.05,39,109.06,2,109.08,29,109.09,46,109.1,125,109.11,604,109.12,125,109.07
TL2412,,13:45:30.800#,108.81,109.08,108.75,112.48,104.88,4257,23081,109.02,609,109.03,124,109.04,39,109.05,34,109.06,1,109.07,2,109.08,11,109.09,51,109.1,30,109.11,117,109.07
TL2412,,13:45:31.300#,108.81,109.08,108.75,112.48,104.88,4257,23081,109.02,609,109.03,129,109.04,34,109.05,34,109.06,1,109.07,2,109.08,25,109.09,56,109.1,120,109.11,604,109.07
TL2412,,13:45:31.800#,108.81,109.08,108.75,112.48,104.88,4257,23081,109.02,609,109.03,129,109.04,34,109.05,34,109.06,1,109.07,2,109.08,35,109.09,46,109.1,125,109.11,604,109.07
TL2412,,13:45:32.300#,108.81,109.08,108.75,112.48,104.88,4258,23082,109.01,129,109.02,609,109.03,129,109.04,34,109.05,34,109.07,2,109.08,35,109.09,46,109.1,125,109.11,604,109.06
TL2412,,13:45:32.800#,108.81,109.08,108.75,112.48,104.88,4258,23082,109.01,565,109.02,117,109.03,40,109.04,39,109.05,6,109.07,2,109.08,40,109.09,41,109.1,125,109.11,563,109.06
TL2412,,13:45:33.300#,108.81,109.08,108.75,112.48,104.88,4258,23082,109.01,565,109.02,117,109.03,45,109.04,34,109.05,6,109.07,3,109.08,45,109.09,41,109.1,125,109.11,563,109.06
TL2412,,13:45:33.800#,108.81,109.08,108.75,112.48,104.88,4258,23082,109.01,565,109.02,122,109.03,45,109.04,34,109.05,6,109.07,3,109.08,45,109.09,41,109.1,125,109.11,563,109.06
TL2412,,13:45:36.800#,108.81,109.08,108.75,112.48,104.88,4258,23082,109.01,565,109.02,122,109.03,44,109.04,34,109.05,6,109.07,3,109.08,45,109.09,41,109.1,125,109.11,563,109.06
TL2412,,13:45:37.300#,108.81,109.08,108.75,112.48,104.88,4258,23082,109.01,606,109.02,127,109.03,39,109.04,34,109.05,5,109.06,1,109.07,8,109.08,41,109.09,36,109.1,125,109.06
TL2412,,13:45:37.800#,108.81,109.08,108.75,112.48,104.88,4258,23082,109.01,606,109.02,132,109.03,34,109.04,34,109.05,4,109.06,1,109.07,21,109.08,38,109.09,121,109.1,517,109.06
TL2412,,13:45:38.300#,108.81,109.08,108.75,112.48,104.88,4258,23082,109.01,606,109.02,132,109.03,34,109.04,34,109.05,4,109.06,1,109.07,26,109.08,43,109.09,131,109.1,607,109.06
TL2412,,13:45:38.800#,108.81,109.08,108.75,112.48,104.88,4258,23082,109.01,606,109.02,132,109.03,34,109.04,34,109.05,4,109.06,1,109.07,31,109.08,43,109.09,126,109.1,607,109.06
TL2412,,13:45:39.800#,108.81,109.08,108.75,112.48,104.88,4259,23082,109.01,606,109.02,132,109.03,34,109.04,34,109.05,3,109.07,31,109.08,43,109.09,126,109.1,607,109.11,127,109.06
TL2412,,13:45:40.300#,108.81,109.08,108.75,112.48,104.88,4259,23082,109.01,606,109.02,127,109.03,39,109.04,34,109.05,3,109.06,2,109.07,6,109.08,43,109.09,36,109.1,120,109.06
TL2412,,13:45:40.800#,108.81,109.08,108.75,112.48,104.88,4259,23082,109.01,606,109.02,132,109.03,34,109.04,34,109.05,4,109.06,2,109.07,21,109.08,42,109.09,121,109.1,512,109.06
TL2412,,13:45:41.300#,108.81,109.08,108.75,112.48,104.88,4259,23082,109.01,606,109.02,132,109.03,34,109.04,34,109.05,4,109.06,2,109.07,31,109.08,42,109.09,126,109.1,607,109.06
TL2412,,13:45:42.300#,108.81,109.08,108.75,112.48,104.88,4259,23082,109.01,606,109.02,132,109.03,34,109.04,34,109.05,2,109.06,2,109.07,31,109.08,42,109.09,126,109.1,607,109.06
TL2412,,13:45:42.800#,108.81,109.08,108.75,112.48,104.88,4259,23082,109.01,606,109.02,132,109.03,39,109.04,29,109.05,2,109.06,3,109.07,36,109.08,37,109.09,126,109.1,607,109.06
TL2412,,13:45:43.800#,108.81,109.08,108.75,112.48,104.88,4259,23082,109.01,606,109.02,132,109.03,40,109.04,29,109.05,2,109.06,3,109.07,36,109.08,37,109.09,126,109.1,607,109.06
TL2412,,13:45:44.800#,108.81,109.08,108.75,112.48,104.88,4259,23082,109.0,126,109.01,606,109.02,132,109.03,40,109.04,29,109.06,3,109.07,36,109.08,37,109.09,126,109.1,607,109.06
TL2412,,13:45:45.800#,108.81,109.08,108.75,112.48,104.88,4259,23082,109.0,603,109.01,114,109.02,48,109.03,30,109.04,6,109.06,3,109.07,31,109.08,37,109.09,126,109.1,607,109.06
TL2412,,13:45:46.300#,108.81,109.08,108.75,112.48,104.88,4259,23082,109.0,603,109.01,119,109.02,48,109.03,30,109.04,5,109.06,3,109.07,36,109.08,37,109.09,126,109.1,607,109.06
TL2412,,13:45:46.800#,108.81,109.08,108.75,112.48,104.88,4259,23082,109.0,603,109.01,124,109.02,42,109.03,35,109.04,1,109.06,10,109.07,32,109.08,32,109.09,126,109.1,607,109.06
TL2412,,13:45:47.300#,108.81,109.08,108.75,112.48,104.88,4259,23082,108.99,129,109.0,603,109.01,124,109.02,42,109.03,35,109.06,11,109.07,37,109.08,32,109.09,126,109.1,607,109.06
TL2412,,13:45:47.800#,108.81,109.08,108.75,112.48,104.88,4259,23082,109.0,111,109.01,31,109.02,52,109.03,15,109.04,4,109.06,3,109.07,32,109.08,32,109.09,121,109.1,607,109.06
TL2412,,13:45:48.300#,108.81,109.08,108.75,112.48,104.88,4259,23082,108.99,129,109.0,603,109.01,126,109.02,42,109.03,31,109.06,11,109.07,37,109.08,37,109.09,121,109.1,607,109.06
TL2412,,13:45:48.800#,108.81,109.08,108.75,112.48,104.88,4259,23082,108.99,586,109.0,111,109.01,56,109.02,52,109.03,12,109.05,1,109.06,16,109.07,32,109.08,37,109.09,121,109.06
TL2412,,13:45:49.800#,108.81,109.08,108.75,112.48,104.88,4259,23082,108.99,606,109.0,111,109.01,46,109.02,42,109.03,8,109.05,1,109.06,38,109.07,36,109.08,122,109.09,608,109.06
TL2412,,13:45:50.300#,108.81,109.08,108.75,112.48,104.88,4259,23082,108.99,606,109.0,116,109.01,46,109.02,42,109.03,7,109.05,1,109.06,38,109.07,36,109.08,122,109.09,608,109.06
TL2412,,13:45:53.300#,108.81,109.08,108.75,112.48,104.88,4259,23082,108.99,606,109.0,116,109.01,46,109.02,42,109.03,7,109.06,38,109.07,36,109.08,122,109.09,608,109.1,130,109.06
TL2412,,13:45:53.800#,108.81,109.08,108.75,112.48,104.88,4259,23082,109.0,116,109.01,46,109.02,42,109.03,7,109.04,1,109.05,3,109.06,14,109.07,36,109.08,32,109.09,116,109.06
TL2412,,13:45:54.300#,108.81,109.08,108.75,112.48,104.88,4260,23083,109.0,513,109.01,126,109.02,42,109.03,20,109.04,1,109.05,1,109.06,29,109.07,46,109.08,117,109.09,608,109.05
TL2412,,13:45:54.800#,108.81,109.08,108.75,112.48,104.88,4260,23083,109.0,603,109.01,131,109.02,42,109.03,30,109.04,1,109.05,1,109.06,40,109.07,36,109.08,122,109.09,608,109.05
TL2412,,13:45:55.300#,108.81,109.08,108.75,112.48,104.88,4260,23083,109.0,603,109.01,126,109.02,42,109.03,35,109.04,6,109.05,1,109.06,31,109.07,36,109.08,117,109.09,608,109.05
TL2412,,13:45:55.800#,108.81,109.08,108.75,112.48,104.88,4260,23083,109.0,603,109.01,131,109.02,37,109.03,35,109.04,2,109.05,1,109.06,26,109.07,36,109.08,127,109.09,608,109.05
TL2412,,13:45:56.800#,108.81,109.08,108.75,112.48,104.88,4260,23083,109.0,603,109.01,126,109.02,42,109.03,35,109.04,5,109.05,1,109.06,26,109.07,36,109.08,127,109.09,608,109.05
TL2412,,13:45:57.800#,108.81,109.08,108.75,112.48,104.88,4260,23083,109.0,603,109.01,131,109.02,37,109.03,35,109.04,2,109.05,1,109.06,26,109.07,36,109.08,122,109.09,608,109.05
TL2412,,13:45:58.300#,108.81,109.08,108.75,112.48,104.88,4260,23083,109.0,603,109.01,126,109.02,42,109.03,35,109.04,4,109.05,1,109.06,26,109.07,36,109.08,122,109.09,608,109.05
TL2412,,13:45:58.800#,108.81,109.08,108.75,112.48,104.88,4260,23083,109.0,603,109.01,126,109.02,42,109.03,35,109.04,4,109.05,1,109.06,26,109.07,36,109.08,127,109.09,608,109.05
TL2412,,13:45:59.300#,108.81,109.08,108.75,112.48,104.88,4261,23082,109.0,603,109.01,131,109.02,37,109.03,35,109.04,2,109.06,26,109.07,36,109.08,122,109.09,608,109.1,130,109.05
TL2412,,13:45:59.800#,108.81,109.08,108.75,112.48,104.88,4261,23082,109.0,603,109.01,126,109.02,42,109.03,35,109.04,3,109.05,1,109.06,10,109.07,41,109.08,27,109.09,121,109.05
TL2412,,13:46:00.300#,108.81,109.08,108.75,112.48,104.88,4261,23082,109.0,603,109.01,126,109.02,37,109.03,30,109.04,1,109.05,1,109.06,19,109.07,46,109.08,117,109.09,608,109.05
TL2412,,13:46:00.800#,108.81,109.08,108.75,112.48,104.88,4261,23082,108.99,129,109.0,603,109.01,126,109.02,42,109.03,25,109.05,1,109.06,29,109.07,36,109.08,122,109.09,608,109.05
TL2412,,13:46:01.300#,108.81,109.08,108.75,112.48,104.88,4261,23082,109.0,111,109.01,51,109.02,42,109.03,7,109.04,1,109.05,2,109.06,34,109.07,36,109.08,127,109.09,608,109.05
TL2412,,13:46:01.800#,108.81,109.08,108.75,112.48,104.88,4261,23082,109.0,508,109.01,136,109.02,32,109.03,19,109.04,1,109.05,1,109.06,34,109.07,36,109.08,127,109.09,608,109.05
TL2412,,13:46:02.300#,108.81,109.08,108.75,112.48,104.88,4261,23082,109.0,603,109.01,131,109.02,42,109.03,29,109.04,1,109.05,1,109.06,39,109.07,36,109.08,127,109.09,608,109.05
TL2412,,13:46:02.800#,108.81,109.08,108.75,112.48,104.88,4261,23082,109.0,603,109.01,131,109.02,47,109.03,29,109.04,1,109.05,1,109.06,39,109.07,36,109.08,127,109.09,608,109.05
TL2412,,13:46:03.300#,108.81,109.08,108.75,112.48,104.88,4261,23082,109.0,603,109.01,131,109.02,47,109.03,30,109.04,1,109.05,2,109.06,39,109.07,36,109.08,127,109.09,608,109.05
TL2412,,13:46:03.800#,108.81,109.08,108.75,112.48,104.88,4261,23082,109.0,603,109.01,131,109.02,47,109.03,30,109.04,1,109.05,2,109.06,39,109.07,41,109.08,122,109.09,608,109.05
TL2412,,13:46:06.800#,108.81,109.08,108.75,112.48,104.88,4261,23082,109.0,603,109.01,131,109.02,47,109.03,30,109.04,2,109.05,1,109.06,39,109.07,41,109.08,122,109.09,608,109.05
TL2412,,13:46:07.300#,108.81,109.08,108.75,112.48,104.88,4261,23082,109.0,603,109.01,131,109.02,47,109.03,30,109.04,3,109.05,2,109.06,39,109.07,36,109.08,122,109.09,608,109.05
TL2412,,13:46:07.800#,108.81,109.08,108.75,112.48,104.88,4261,23082,109.0,603,109.01,131,109.02,47,109.03,30,109.04,3,109.05,2,109.06,39,109.07,36,109.08,127,109.09,608,109.05
TL2412,,13:46:11.800#,108.81,109.08,108.75,112.48,104.88,4261,23082,109.0,603,109.01,131,109.02,42,109.03,35,109.04,2,109.05,2,109.06,34,109.07,41,109.08,127,109.09,608,109.05
TL2412,,13:46:12.300#,108.81,109.08,108.75,112.48,104.88,4261,23082,109.0,603,109.01,131,109.02,47,109.03,30,109.04,2,109.05,2,109.06,39,109.07,36,109.08,127,109.09,608,109.05
TL2412,,13:46:12.800#,108.81,109.08,108.75,112.48,104.88,4261,23082,109.0,603,109.01,130,109.02,47,109.03,30,109.04,2,109.05,2,109.06,39,109.07,41,109.08,122,109.09,608,109.05
TL2412,,13:46:13.800#,108.81,109.08,108.75,112.48,104.88,4261,23082,109.0,603,109.01,130,109.02,47,109.03,31,109.04,1,109.05,2,109.06,39,109.07,41,109.08,122,109.09,608,109.05
TL2412,,13:46:14.300#,108.81,109.08,108.75,112.48,104.88,4261,23082,108.99,129,109.0,603,109.01,130,109.02,47,109.03,31,109.05,2,109.06,39,109.07,41,109.08,122,109.09,608,109.05
TL2412,,13:46:14.800#,108.81,109.08,108.75,112.48,104.88,4261,23082,108.99,606,109.0,111,109.01,40,109.02,52,109.03,6,109.05,3,109.06,34,109.07,41,109.08,122,109.09,608,109.05
TL2412,,13:46:15.300#,108.81,109.08,108.75,112.48,104.88,4261,23082,109.0,111,109.01,50,109.02,42,109.03,8,109.04,1,109.05,3,109.06,34,109.07,41,109.08,127,109.09,608,109.05
TL2412,,13:46:15.800#,108.81,109.08,108.75,112.48,104.88,4262,23082,108.99,234,109.0,513,109.01,135,109.02,37,109.03,21,109.05,9,109.06,34,109.07,31,109.08,127,109.09,608,109.04
TL2412,,13:46:16.300#,108.81,109.08,108.75,112.48,104.88,4262,23082,108.99,606,109.0,116,109.01,45,109.02,37,109.03,5,109.05,10,109.06,39,109.07,36,109.08,122,109.09,608,109.04
TL2412,,13:46:21.800#,108.81,109.08,108.75,112.48,104.88,4262,23082,108.99,606,109.0,116,109.01,45,109.02,37,109.03,5,109.04,1,109.05,10,109.06,39,109.07,36,109.08,122,109.04
TL2412,,13:46:22.300#,108.81,109.08,108.75,112.48,104.88,4262,23082,108.99,606,109.0,126,109.01,40,109.02,37,109.03,5,109.04,1,109.05,23,109.06,51,109.07,116,109.08,609,109.04
TL2412,,13:46:22.800#,108.81,109.08,108.75,112.48,104.88,4262,23082,108.99,606,109.0,126,109.01,40,109.02,37,109.03,5,109.04,1,109.05,28,109.06,46,109.07,126,109.08,604,109.04
TL2412,,13:46:23.300#,108.81,109.08,108.75,112.48,104.88,4262,23082,108.99,606,109.0,126,109.01,40,109.02,37,109.03,5,109.04,1,109.05,28,109.06,46,109.07,121,109.08,604,109.04
TL2412,,13:46:23.800#,108.81,109.08,108.75,112.48,104.88,4262,23082,108.99,606,109.0,126,109.01,40,109.02,37,109.03,5,109.04,1,109.05,28,109.06,46,109.07,121,109.08,609,109.04
TL2412,,13:46:25.300#,108.81,109.08,108.75,112.48,104.88,4263,23083,108.99,606,109.0,126,109.01,40,109.02,37,109.03,5,109.05,27,109.06,45,109.07,120,109.08,608,109.09,130,109.04
TL2412,,13:46:25.800#,108.81,109.08,108.75,112.48,104.88,4264,23083,108.99,606,109.0,121,109.01,45,109.02,37,109.03,5,109.05,7,109.06,50,109.07,30,109.08,116,109.09,607,109.04
TL2412,,13:46:26.300#,108.81,109.08,108.75,112.48,104.88,4264,23083,108.99,606,109.0,121,109.01,45,109.02,37,109.03,5,109.05,7,109.06,45,109.07,30,109.08,116,109.09,607,109.04
TL2412,,13:46:26.800#,108.81,109.08,108.75,112.48,104.88,4264,23083,108.99,606,109.0,121,109.01,45,109.02,37,109.03,5,109.05,7,109.06,45,109.07,30,109.08,121,109.09,607,109.04
TL2412,,13:46:27.300#,108.81,109.08,108.75,112.48,104.88,4264,23083,108.99,606,109.0,121,109.01,45,109.02,37,109.03,5,109.05,11,109.06,45,109.07,30,109.08,121,109.09,607,109.04
TL2412,,13:46:29.800#,108.81,109.08,108.75,112.48,104.88,4264,23083,108.99,606,109.0,120,109.01,45,109.02,37,109.03,5,109.05,11,109.06,45,109.07,26,109.08,126,109.09,607,109.04
TL2412,,13:46:30.800#,108.81,109.08,108.75,112.48,104.88,4264,23083,108.99,606,109.0,120,109.01,45,109.02,37,109.03,5,109.05,11,109.06,45,109.07,25,109.08,126,109.09,607,109.04
TL2412,,13:46:31.300#,108.81,109.08,108.75,112.48,104.88,4264,23083,108.99,606,109.0,120,109.01,45,109.02,37,109.03,5,109.05,11,109.06,45,109.07,26,109.08,126,109.09,607,109.04
TL2412,,13:46:31.800#,108.81,109.08,108.75,112.48,104.88,4264,23083,108.99,606,109.0,120,109.01,45,109.02,37,109.03,5,109.05,11,109.06,45,109.07,31,109.08,121,109.09,607,109.04
TL2412,,13:46:33.800#,108.81,109.08,108.75,112.48,104.88,4264,23083,108.99,606,109.0,120,109.01,45,109.02,37,109.03,5,109.05,11,109.06,45,109.07,30,109.08,121,109.09,607,109.04
TL2412,,13:46:34.300#,108.81,109.08,108.75,112.48,104.88,4264,23083,108.99,606,109.0,120,109.01,45,109.02,37,109.03,5,109.05,11,109.06,45,109.07,31,109.08,121,109.09,607,109.04
TL2412,,13:46:34.800#,108.81,109.08,108.75,112.48,104.88,4264,23083,108.99,606,109.0,120,109.01,45,109.02,37,109.03,5,109.05,11,109.06,45,109.07,30,109.08,121,109.09,607,109.04
TL2412,,13:46:35.300#,108.81,109.08,108.75,112.48,104.88,4264,23083,108.99,606,109.0,120,109.01,45,109.02,37,109.03,5,109.05,11,109.06,45,109.07,31,109.08,121,109.09,607,109.04
TL2412,,13:46:37.800#,108.81,109.08,108.75,112.48,104.88,4264,23083,109.0,120,109.01,45,109.02,37,109.03,5,109.04,1,109.05,11,109.06,45,109.07,30,109.08,121,109.09,607,109.04
TL2412,,13:46:38.300#,108.81,109.08,108.75,112.48,104.88,4265,23082,108.99,235,109.0,517,109.01,130,109.02,37,109.03,20,109.05,11,109.06,45,109.07,30,109.08,121,109.09,607,109.04
TL2412,,13:46:38.800#,108.81,109.08,108.75,112.48,104.88,4265,23082,108.99,607,109.0,115,109.01,45,109.02,42,109.03,5,109.05,11,109.06,45,109.07,30,109.08,121,109.09,607,109.04
TL2412,,13:46:39.300#,108.81,109.08,108.75,112.48,104.88,4265,23082,108.99,607,109.0,115,109.01,40,109.02,47,109.03,5,109.05,11,109.06,45,109.07,30,109.08,121,109.09,607,109.04
TL2412,,13:46:39.800#,108.81,109.08,108.75,112.48,104.88,4265,23082,108.99,606,109.0,120,109.01,45,109.02,42,109.03,6,109.05,11,109.06,45,109.07,30,109.08,121,109.09,607,109.04
TL2412,,13:46:46.800#,108.81,109.08,108.75,112.48,104.88,4266,23083,108.99,606,109.0,120,109.01,45,109.02,42,109.03,6,109.05,10,109.06,45,109.07,30,109.08,121,109.09,607,109.05
TL2412,,13:46:52.300#,108.81,109.08,108.75,112.48,104.88,4266,23083,108.99,606,109.0,120,109.01,45,109.02,43,109.03,6,109.05,10,109.06,45,109.07,30,109.08,121,109.09,607,109.05
TL2412,,13:46:53.300#,108.81,109.08,108.75,112.48,104.88,4266,23083,108.99,606,109.0,120,109.01,45,109.02,43,109.03,6,109.05,9,109.06,46,109.07,30,109.08,121,109.09,607,109.05
TL2412,,13:46:58.800#,108.81,109.08,108.75,112.48,104.88,4266,23083,109.0,115,109.01,50,109.02,43,109.03,7,109.04,2,109.06,40,109.07,30,109.08,121,109.09,607,109.1,129,109.05
TL2412,,13:46:59.300#,108.81,109.08,108.75,112.48,104.88,4266,23083,109.0,507,109.01,135,109.02,43,109.03,22,109.04,2,109.06,13,109.07,40,109.08,27,109.09,120,109.1,606,109.05
TL2412,,13:46:59.800#,108.81,109.08,108.75,112.48,104.88,4266,23083,109.0,602,109.01,125,109.02,53,109.03,32,109.04,2,109.06,14,109.07,40,109.08,32,109.09,120,109.1,606,109.05
TL2412,,13:47:00.300#,108.81,109.08,108.75,112.48,104.88,4266,23083,109.0,602,109.01,125,109.02,48,109.03,37,109.04,3,109.06,9,109.07,45,109.08,32,109.09,125,109.1,606,109.05
TL2412,,13:47:01.800#,108.81,109.08,108.75,112.48,104.88,4266,23083,109.0,602,109.01,125,109.02,53,109.03,32,109.04,3,109.06,14,109.07,40,109.08,32,109.09,125,109.1,606,109.05
TL2412,,13:47:02.800#,108.81,109.08,108.75,112.48,104.88,4266,23083,109.0,602,109.01,125,109.02,53,109.03,32,109.04,3,109.05,1,109.06,14,109.07,40,109.08,32,109.09,125,109.05
TL2412,,13:47:03.300#,108.81,109.08,108.75,112.48,104.88,4266,23083,109.0,607,109.01,120,109.02,53,109.03,32,109.04,2,109.05,10,109.06,29,109.07,40,109.08,122,109.09,617,109.05
TL2412,,13:47:03.800#,108.81,109.08,108.75,112.48,104.88,4266,23083,109.0,607,109.01,120,109.02,53,109.03,32,109.04,2,109.05,11,109.06,34,109.07,45,109.08,117,109.09,612,109.05
TL2412,,13:47:04.300#,108.81,109.08,108.75,112.48,104.88,4266,23083,109.0,602,109.01,125,109.02,48,109.03,27,109.04,2,109.05,1,109.06,29,109.07,35,109.08,112,109.09,607,109.05
TL2412,,13:47:04.800#,108.81,109.08,108.75,112.48,104.88,4266,23083,109.0,607,109.01,120,109.02,48,109.03,32,109.04,2,109.05,2,109.06,34,109.07,35,109.08,117,109.09,607,109.05
TL2412,,13:47:05.300#,108.81,109.08,108.75,112.48,104.88,4266,23083,109.0,607,109.01,125,109.02,48,109.03,32,109.04,2,109.05,7,109.06,34,109.07,35,109.08,122,109.09,607,109.05
TL2412,,13:47:05.800#,108.81,109.08,108.75,112.48,104.88,4266,23083,109.0,607,109.01,125,109.02,48,109.03,32,109.04,2,109.05,7,109.06,39,109.07,35,109.08,122,109.09,607,109.05
TL2412,,13:47:06.300#,108.81,109.08,108.75,112.48,104.88,4266,23083,109.0,602,109.01,130,109.02,48,109.03,32,109.04,2,109.05,2,109.06,34,109.07,35,109.08,117,109.09,607,109.05
TL2412,,13:47:06.800#,108.81,109.08,108.75,112.48,104.88,4266,23083,109.0,602,109.01,130,109.02,48,109.03,32,109.04,2,109.05,2,109.06,34,109.07,40,109.08,122,109.09,607,109.05
TL2412,,13:47:08.300#,108.81,109.08,108.75,112.48,104.88,4266,23083,109.0,607,109.01,125,109.02,48,109.03,32,109.04,2,109.05,7,109.06,34,109.07,35,109.08,122,109.09,607,109.05
TL2412,,13:47:08.800#,108.81,109.08,108.75,112.48,104.88,4266,23083,109.0,607,109.01,125,109.02,48,109.03,32,109.04,1,109.05,8,109.06,34,109.07,35,109.08,122,109.09,607,109.05
TL2412,,13:47:09.300#,108.81,109.08,108.75,112.48,104.88,4266,23083,109.0,607,109.01,125,109.02,48,109.03,32,109.04,1,109.05,8,109.06,39,109.07,35,109.08,122,109.09,607,109.05
TL2412,,13:47:09.800#,108.81,109.08,108.75,112.48,104.88,4266,23083,109.0,607,109.01,125,109.02,48,109.03,32,109.04,1,109.05,4,109.06,39,109.07,35,109.08,122,109.09,607,109.05
TL2412,,13:47:10.800#,108.81,109.08,108.75,112.48,104.88,4266,23083,109.0,607,109.01,125,109.02,48,109.03,33,109.04,1,109.05,4,109.06,39,109.07,35,109.08,122,109.09,607,109.05
TL2412,,13:47:21.800#,108.81,109.08,108.75,112.48,104.88,4266,23083,109.0,607,109.01,126,109.02,48,109.03,33,109.04,1,109.05,4,109.06,39,109.07,35,109.08,122,109.09,607,109.05
TL2412,,13:47:24.800#,108.81,109.08,108.75,112.48,104.88,4266,23083,109.0,607,109.01,126,109.02,48,109.03,33,109.04,1,109.05,5,109.06,39,109.07,35,109.08,122,109.09,607,109.05
TL2412,,13:47:26.300#,108.81,109.08,108.75,112.48,104.88,4267,23084,109.0,607,109.01,126,109.02,48,109.03,33,109.04,1,109.05,4,109.06,39,109.07,35,109.08,122,109.09,607,109.05
TL2412,,13:47:26.800#,108.81,109.08,108.75,112.48,104.88,4268,23084,108.99,129,109.0,608,109.01,125,109.02,48,109.03,33,109.05,4,109.06,39,109.07,35,109.08,122,109.09,607,109.04
TL2412,,13:47:27.800#,108.81,109.08,108.75,112.48,104.88,4268,23084,109.0,513,109.01,120,109.02,48,109.03,23,109.04,1,109.05,4,109.06,39,109.07,35,109.08,122,109.09,607,109.04
TL2412,,13:47:28.300#,108.81,109.08,108.75,112.48,104.88,4268,23084,109.0,608,109.01,125,109.02,48,109.03,33,109.04,1,109.05,4,109.06,39,109.07,35,109.08,122,109.09,607,109.04
TL2412,,13:47:28.800#,108.81,109.08,108.75,112.48,104.88,4268,23084,109.0,608,109.01,125,109.02,43,109.03,33,109.04,1,109.05,4,109.06,39,109.07,35,109.08,122,109.09,607,109.04
TL2412,,13:47:29.300#,108.81,109.08,108.75,112.48,104.88,4268,23084,109.0,608,109.01,130,109.02,43,109.03,33,109.04,1,109.05,4,109.06,39,109.07,35,109.08,122,109.09,607,109.04
TL2412,,13:47:44.300#,108.81,109.08,108.75,112.48,104.88,4268,23084,109.0,608,109.01,130,109.02,43,109.03,33,109.04,2,109.05,4,109.06,39,109.07,35,109.08,122,109.09,607,109.04
TL2412,,13:47:44.800#,108.81,109.08,108.75,112.48,104.88,4268,23084,109.0,608,109.01,125,109.02,48,109.03,33,109.04,2,109.05,4,109.06,39,109.07,35,109.08,122,109.09,607,109.04
TL2412,,13:47:47.800#,108.81,109.08,108.75,112.48,104.88,4268,23084,109.0,603,109.01,130,109.02,43,109.03,38,109.04,3,109.05,2,109.06,29,109.07,40,109.08,122,109.09,607,109.04
TL2412,,13:47:48.300#,108.81,109.08,108.75,112.48,104.88,4268,23084,109.0,603,109.01,130,109.02,43,109.03,38,109.04,3,109.05,2,109.06,29,109.07,45,109.08,122,109.09,607,109.04
TL2412,,13:47:49.800#,108.81,109.08,108.75,112.48,104.88,4268,23084,109.0,608,109.01,125,109.02,48,109.03,33,109.04,3,109.05,4,109.06,39,109.07,35,109.08,122,109.09,607,109.04
TL2412,,13:47:50.800#,108.81,109.08,108.75,112.48,104.88,4268,23084,109.0,608,109.01,125,109.02,48,109.03,33,109.04,3,109.05,4,109.06,39,109.07,35,109.08,122,109.09,608,109.04
TL2412,,13:47:54.800#,108.81,109.08,108.75,112.48,104.88,4268,23084,109.0,603,109.01,130,109.02,43,109.03,38,109.04,3,109.05,2,109.06,29,109.07,40,109.08,122,109.09,608,109.04
TL2412,,13:47:55.300#,108.81,109.08,108.75,112.48,104.88,4268,23084,109.0,603,109.01,130,109.02,43,109.03,38,109.04,3,109.05,1,109.06,29,109.07,45,109.08,122,109.09,608,109.04
TL2412,,13:47:57.800#,108.81,109.08,108.75,112.48,104.88,4268,23084,109.0,603,109.01,130,109.02,43,109.03,38,109.04,2,109.05,1,109.06,29,109.07,45,109.08,122,109.09,608,109.04
TL2412,,13:47:58.300#,108.81,109.08,108.75,112.48,104.88,4268,23084,109.0,608,109.01,125,109.02,43,109.03,38,109.04,2,109.05,3,109.06,29,109.07,40,109.08,122,109.09,608,109.04
TL2412,,13:47:58.800#,108.81,109.08,108.75,112.48,104.88,4268,23084,109.0,608,109.01,125,109.02,43,109.03,38,109.04,2,109.05,3,109.06,34,109.07,40,109.08,122,109.09,608,109.04
TL2412,,13:47:59.300#,108.81,109.08,108.75,112.48,104.88,4268,23084,109.0,608,109.01,125,109.02,43,109.03,38,109.04,3,109.05,3,109.06,34,109.07,40,109.08,122,109.09,608,109.04
TL2412,,13:47:59.800#,108.81,109.08,108.75,112.48,104.88,4268,23084,109.0,603,109.01,130,109.02,43,109.03,38,109.04,3,109.05,1,109.06,29,109.07,40,109.08,122,109.09,608,109.04
TL2412,,13:48:00.300#,108.81,109.08,108.75,112.48,104.88,4268,23084,109.0,603,109.01,130,109.02,43,109.03,38,109.04,3,109.05,1,109.06,29,109.07,45,109.08,122,109.09,608,109.04
TL2412,,13:48:19.300#,108.81,109.08,108.75,112.48,104.88,4269,23084,109.0,603,109.01,130,109.02,43,109.03,38,109.04,3,109.06,29,109.07,45,109.08,122,109.09,608,109.1,129,109.05
TL2412,,13:48:19.800#,108.81,109.08,108.75,112.48,104.88,4269,23084,109.0,603,109.01,125,109.02,48,109.03,38,109.04,4,109.05,1,109.06,6,109.07,45,109.08,32,109.09,121,109.05
TL2412,,13:48:20.300#,108.81,109.08,108.75,112.48,104.88,4270,23085,109.0,603,109.01,130,109.02,43,109.03,38,109.04,4,109.06,20,109.07,40,109.08,122,109.09,513,109.1,234,109.05
TL2412,,13:48:20.800#,108.81,109.08,108.75,112.48,104.88,4270,23085,109.0,603,109.01,125,109.02,48,109.03,38,109.04,4,109.06,5,109.07,45,109.08,37,109.09,121,109.1,606,109.05
TL2412,,13:48:21.300#,108.81,109.08,108.75,112.48,104.88,4270,23085,109.0,603,109.01,125,109.02,48,109.03,38,109.04,4,109.06,5,109.07,45,109.08,32,109.09,121,109.1,606,109.05
TL2412,,13:48:21.800#,108.81,109.08,108.75,112.48,104.88,4270,23085,109.0,603,109.01,125,109.02,48,109.03,38,109.04,4,109.06,5,109.07,45,109.08,32,109.09,126,109.1,606,109.05
TL2412,,13:48:22.300#,108.81,109.08,108.75,112.48,104.88,4270,23085,109.0,603,109.01,125,109.02,48,109.03,38,109.04,4,109.06,6,109.07,45,109.08,32,109.09,126,109.1,606,109.05
TL2412,,13:48:26.300#,108.81,109.08,108.75,112.48,104.88,4270,23085,109.01,125,109.02,48,109.03,38,109.04,4,109.05,1,109.06,6,109.07,45,109.08,32,109.09,126,109.1,606,109.05
TL2412,,13:48:26.800#,108.81,109.08,108.75,112.48,104.88,4271,23085,109.02,133,109.03,38,109.04,24,109.05,2,109.06,2,109.07,35,109.08,36,109.09,126,109.1,606,109.11,127,109.06
TL2412,,13:48:27.300#,108.81,109.08,108.75,112.48,104.88,4271,23085,109.02,440,109.03,133,109.04,24,109.05,17,109.06,2,109.07,4,109.08,46,109.09,26,109.1,119,109.11,604,109.06
TL2412,,13:48:27.800#,108.81,109.08,108.75,112.48,104.88,4271,23085,109.02,615,109.03,133,109.04,29,109.05,27,109.06,3,109.07,4,109.08,46,109.09,31,109.1,119,109.11,604,109.06
TL2412,,13:48:28.800#,108.81,109.08,108.75,112.48,104.88,4271,23085,109.02,610,109.03,133,109.04,39,109.05,32,109.06,3,109.08,31,109.09,46,109.1,124,109.11,604,109.12,126,109.06
TL2412,,13:48:29.300#,108.81,109.08,108.75,112.48,104.88,4271,23085,109.02,610,109.03,128,109.04,44,109.05,32,109.06,3,109.08,4,109.09,56,109.1,30,109.11,117,109.12,603,109.06
TL2412,,13:48:29.800#,108.81,109.08,108.75,112.48,104.88,4271,23085,109.02,610,109.03,128,109.04,44,109.05,32,109.06,3,109.08,4,109.09,51,109.1,35,109.11,117,109.12,603,109.06
TL2412,,13:48:30.300#,108.81,109.08,108.75,112.48,104.88,4271,23085,109.03,128,109.04,44,109.05,32,109.06,3,109.07,4,109.08,4,109.09,51,109.1,35,109.11,122,109.12,603,109.06
TL2412,,13:48:30.800#,108.81,109.08,108.75,112.48,104.88,4275,23085,109.02,238,109.03,525,109.04,124,109.05,37,109.06,17,109.08,5,109.09,51,109.1,35,109.11,122,109.12,603,109.07
TL2412,,13:48:31.300#,108.81,109.08,108.75,112.48,104.88,4275,23085,109.02,610,109.03,123,109.04,39,109.05,37,109.06,2,109.08,5,109.09,51,109.1,35,109.11,122,109.12,603,109.07
TL2412,,13:48:31.800#,108.81,109.08,108.75,112.48,104.88,4275,23085,109.02,610,109.03,123,109.04,44,109.05,32,109.06,2,109.08,5,109.09,51,109.1,35,109.11,122,109.12,603,109.07
TL2412,,13:48:32.300#,108.81,109.08,108.75,112.48,104.88,4275,23085,109.02,610,109.03,128,109.04,44,109.05,32,109.06,2,109.08,5,109.09,51,109.1,35,109.11,122,109.12,603,109.07
TL2412,,13:48:33.800#,108.81,109.08,108.75,112.48,104.88,4275,23085,109.03,128,109.04,44,109.05,32,109.06,2,109.07,1,109.08,5,109.09,51,109.1,35,109.11,122,109.12,603,109.07
TL2412,,13:48:34.300#,108.81,109.08,108.75,112.48,104.88,4275,23085,109.03,440,109.04,129,109.05,27,109.06,17,109.07,1,109.08,5,109.09,51,109.1,35,109.11,122,109.12,603,109.07
TL2412,,13:48:34.800#,108.81,109.08,108.75,112.48,104.88,4276,23085,109.03,615,109.04,134,109.05,37,109.06,22,109.07,1,109.08,5,109.09,51,109.1,35,109.11,122,109.12,603,109.08
TL2412,,13:48:35.300#,108.81,109.08,108.75,112.48,104.88,4276,23085,109.03,615,109.04,124,109.05,42,109.06,27,109.07,1,109.08,5,109.09,51,109.1,35,109.11,122,109.12,603,109.08
TL2412,,13:48:35.800#,108.81,109.08,108.75,112.48,104.88,4276,23085,109.03,615,109.04,124,109.05,52,109.06,27,109.07,1,109.08,5,109.09,51,109.1,35,109.11,122,109.12,603,109.08
TL2412,,13:48:36.800#,108.81,109.08,108.75,112.48,104.88,4276,23085,109.03,615,109.04,124,109.05,52,109.06,26,109.07,1,109.08,5,109.09,51,109.1,35,109.11,122,109.12,603,109.08
TL2412,,13:48:40.300#,108.81,109.08,108.75,112.48,104.88,4276,23085,109.03,615,109.04,124,109.05,52,109.06,26,109.07,2,109.08,5,109.09,51,109.1,35,109.11,122,109.12,603,109.08
TL2412,,13:48:40.800#,108.81,109.08,108.75,112.48,104.88,4277,23085,109.03,615,109.04,124,109.05,52,109.06,26,109.07,2,109.08,4,109.09,51,109.1,35,109.11,122,109.12,603,109.08
TL2412,,13:48:41.800#,108.81,109.08,108.75,112.48,104.88,4277,23085,109.03,615,109.04,124,109.05,52,109.06,26,109.07,2,109.08,4,109.09,51,109.1,34,109.11,122,109.12,603,109.08
TL2412,,13:48:43.800#,108.81,109.08,108.75,112.48,104.88,4278,23085,109.03,615,109.04,124,109.05,47,109.06,32,109.07,2,109.08,3,109.09,46,109.1,39,109.11,122,109.12,603,109.08
TL2412,,13:48:44.300#,108.81,109.08,108.75,112.48,104.88,4281,23087,109.03,610,109.04,129,109.05,47,109.06,32,109.07,3,109.09,31,109.1,49,109.11,122,109.12,603,109.13,127,109.08
TL2412,,13:48:44.800#,108.81,109.09,108.75,112.48,104.88,4282,23087,109.03,609,109.04,124,109.05,47,109.06,32,109.07,4,109.09,7,109.1,44,109.11,33,109.12,111,109.13,604,109.09
TL2412,,13:48:45.300#,108.81,109.09,108.75,112.48,104.88,4282,23087,109.03,609,109.04,124,109.05,52,109.06,32,109.07,4,109.09,7,109.1,49,109.11,33,109.12,116,109.13,604,109.09
TL2412,,13:48:45.800#,108.81,109.09,108.75,112.48,104.88,4282,23087,109.03,609,109.04,124,109.05,52,109.06,32,109.07,4,109.09,7,109.1,49,109.11,33,109.12,121,109.13,604,109.09
TL2412,,13:48:47.300#,108.81,109.09,108.75,112.48,104.88,4283,23087,109.03,613,109.04,119,109.05,52,109.06,32,109.07,2,109.08,6,109.09,19,109.1,44,109.11,33,109.12,121,109.09
TL2412,,13:48:47.800#,108.81,109.09,108.75,112.48,104.88,4283,23087,109.03,613,109.04,124,109.05,47,109.06,32,109.07,2,109.08,7,109.09,49,109.1,34,109.11,133,109.12,603,109.09
TL2412,,13:48:48.300#,108.81,109.09,108.75,112.48,104.88,4283,23087,109.03,613,109.04,124,109.05,52,109.06,27,109.07,2,109.08,8,109.09,63,109.1,34,109.11,123,109.12,603,109.09
TL2412,,13:48:48.800#,108.81,109.09,108.75,112.48,104.88,4283,23087,109.03,613,109.04,124,109.05,52,109.06,27,109.07,1,109.08,8,109.09,63,109.1,39,109.11,118,109.12,603,109.09
TL2412,,13:48:49.300#,108.81,109.09,108.75,112.48,104.88,4283,23087,109.03,613,109.04,124,109.05,47,109.06,32,109.07,1,109.08,8,109.09,58,109.1,44,109.11,118,109.12,603,109.09
TL2412,,13:48:49.800#,108.81,109.09,108.75,112.48,104.88,4283,23087,109.03,613,109.04,124,109.05,47,109.06,32,109.07,1,109.08,8,109.09,57,109.1,44,109.11,118,109.12,603,109.09
TL2412,,13:48:50.300#,108.81,109.09,108.75,112.48,104.88,4284,23087,109.03,613,109.04,124,109.05,47,109.06,32,109.07,2,109.08,7,109.09,57,109.1,44,109.11,118,109.12,603,109.08
TL2412,,13:48:50.800#,108.81,109.09,108.75,112.48,104.88,4284,23087,109.03,613,109.04,124,109.05,52,109.06,27,109.07,2,109.08,7,109.09,62,109.1,39,109.11,118,109.12,603,109.08
TL2412,,13:48:56.300#,108.81,109.09,108.75,112.48,104.88,4284,23087,109.03,613,109.04,124,109.05,52,109.06,27,109.07,1,109.08,7,109.09,62,109.1,39,109.11,118,109.12,603,109.08
TL2412,,13:48:57.800#,108.81,109.09,108.75,112.48,104.88,4284,23087,109.03,613,109.04,124,109.05,52,109.06,27,109.07,2,109.08,7,109.09,62,109.1,39,109.11,118,109.12,603,109.08
TL2412,,13:49:01.300#,108.81,109.09,108.75,112.48,104.88,4284,23087,109.03,613,109.04,124,109.05,52,109.06,27,109.07,1,109.08,7,109.09,62,109.1,39,109.11,118,109.12,603,109.08
TL2412,,13:49:03.800#,108.81,109.09,108.75,112.48,104.88,4284,23087,109.03,613,109.04,124,109.05,52,109.06,27,109.07,2,109.08,7,109.09,62,109.1,39,109.11,118,109.12,603,109.08
TL2412,,13:49:04.800#,108.81,109.09,108.75,112.48,104.88,4291,23087,109.04,124,109.05,52,109.06,27,109.07,2,109.08,9,109.09,62,109.1,39,109.11,118,109.12,603,109.13,127,109.08
TL2412,,13:49:05.300#,108.81,109.09,108.75,112.48,104.88,4300,23091,109.03,136,109.04,611,109.05,147,109.06,32,109.07,16,109.08,1,109.09,32,109.1,39,109.11,23,109.12,116,109.08
TL2412,,13:49:06.300#,108.81,109.09,108.75,112.48,104.88,4301,23090,109.03,608,109.04,119,109.05,47,109.06,32,109.07,4,109.09,7,109.1,44,109.11,33,109.12,111,109.13,604,109.08
TL2412,,13:49:06.800#,108.81,109.09,108.75,112.48,104.88,4301,23090,109.03,613,109.04,119,109.05,52,109.06,32,109.07,1,109.09,7,109.1,54,109.11,28,109.12,116,109.13,604,109.08
TL2412,,13:49:07.300#,108.81,109.09,108.75,112.48,104.88,4301,23090,109.03,613,109.04,119,109.05,52,109.06,32,109.07,1,109.08,5,109.09,21,109.1,44,109.11,33,109.12,121,109.08
TL2412,,13:49:07.800#,108.81,109.09,108.75,112.48,104.88,4301,23090,109.03,613,109.04,124,109.05,52,109.06,27,109.07,2,109.09,36,109.1,34,109.11,133,109.12,603,109.13,127,109.08
TL2412,,13:49:08.300#,108.81,109.09,108.75,112.48,104.88,4301,23090,109.03,613,109.04,119,109.05,52,109.06,32,109.07,1,109.08,5,109.09,23,109.1,44,109.11,28,109.12,116,109.08
TL2412,,13:49:08.800#,108.81,109.09,108.75,112.48,104.88,4301,23090,109.03,613,109.04,124,109.05,47,109.06,32,109.07,1,109.08,5,109.09,50,109.1,39,109.11,123,109.12,603,109.08
TL2412,,13:49:09.300#,108.81,109.09,108.75,112.48,104.88,4301,23090,109.03,613,109.04,124,109.05,52,109.06,27,109.07,1,109.08,5,109.09,65,109.1,34,109.11,123,109.12,603,109.08
TL2412,,13:49:09.800#,108.81,109.09,108.75,112.48,104.88,4301,23090,109.02,132,109.03,613,109.04,124,109.05,52,109.06,27,109.08,5,109.09,65,109.1,39,109.11,118,109.12,603,109.08
TL2412,,13:49:10.300#,108.81,109.09,108.75,112.48,104.88,4301,23090,109.03,121,109.04,34,109.05,57,109.06,3,109.07,2,109.08,5,109.09,65,109.1,39,109.11,118,109.12,603,109.08
TL2412,,13:49:10.800#,108.81,109.09,108.75,112.48,104.88,4301,23090,109.03,441,109.04,119,109.05,52,109.06,17,109.07,2,109.08,5,109.09,64,109.1,39,109.11,118,109.12,526,109.08
TL2412,,13:49:11.300#,108.81,109.09,108.75,112.48,104.88,4301,23090,109.03,536,109.04,124,109.05,52,109.06,27,109.07,2,109.08,5,109.09,64,109.1,39,109.11,118,109.12,526,109.08
TL2412,,13:49:13.300#,108.81,109.09,108.75,112.48,104.88,4301,23090,109.03,536,109.04,124,109.05,52,109.06,27,109.07,3,109.08,5,109.09,64,109.1,39,109.11,118,109.12,526,109.08
TL2412,,13:49:16.800#,108.81,109.09,108.75,112.48,104.88,4301,23090,109.03,536,109.04,124,109.05,47,109.06,32,109.07,3,109.08,5,109.09,59,109.1,44,109.11,118,109.12,526,109.08
TL2412,,13:49:17.300#,108.81,109.09,108.75,112.48,104.88,4301,23090,109.03,613,109.04,124,109.05,47,109.06,32,109.07,3,109.08,5,109.09,59,109.1,44,109.11,118,109.12,603,109.08
TL2412,,13:49:17.800#,108.81,109.09,108.75,112.48,104.88,4302,23089,109.03,608,109.04,129,109.05,47,109.06,32,109.07,4,109.09,36,109.1,49,109.11,118,109.12,603,109.13,127,109.08
TL2412,,13:49:18.300#,108.81,109.09,108.75,112.48,104.88,4302,23089,109.04,124,109.05,52,109.06,32,109.07,7,109.08,1,109.09,6,109.1,49,109.11,28,109.12,116,109.13,604,109.08
TL2412,,13:49:18.800#,108.81,109.09,108.75,112.48,104.88,4303,23090,109.03,241,109.04,516,109.05,137,109.06,32,109.07,17,109.08,4,109.09,24,109.1,44,109.11,33,109.12,121,109.08
TL2412,,13:49:19.300#,108.81,109.09,108.75,112.48,104.88,4303,23090,109.03,613,109.04,119,109.05,52,109.06,32,109.07,2,109.08,4,109.09,51,109.1,39,109.11,128,109.12,603,109.08
TL2412,,13:49:19.800#,108.81,109.09,108.75,112.48,104.88,4303,23090,109.03,613,109.04,119,109.05,47,109.06,32,109.07,3,109.08,4,109.09,61,109.1,39,109.11,123,109.12,603,109.08
TL2412,,13:49:20.300#,108.81,109.09,108.75,112.48,104.88,4303,23090,109.03,613,109.04,124,109.05,47,109.06,32,109.07,3,109.08,4,109.09,61,109.1,44,109.11,118,109.12,603,109.08
TL2412,,13:49:21.300#,108.81,109.09,108.75,112.48,104.88,4303,23090,109.03,613,109.04,124,109.05,52,109.06,26,109.07,3,109.09,48,109.1,35,109.11,118,109.12,603,109.13,127,109.08
TL2412,,13:49:21.800#,108.81,109.09,108.75,112.48,104.88,4303,23090,109.03,613,109.04,119,109.05,52,109.06,32,109.07,3,109.08,4,109.09,27,109.1,44,109.11,28,109.12,116,109.08
TL2412,,13:49:22.300#,108.81,109.09,108.75,112.48,104.88,4303,23090,109.03,613,109.04,124,109.05,52,109.06,26,109.07,2,109.09,39,109.1,34,109.11,123,109.12,603,109.13,127,109.08
TL2412,,13:49:22.800#,108.81,109.09,108.75,112.48,104.88,4303,23090,109.03,613,109.04,119,109.05,52,109.06,32,109.07,3,109.08,4,109.09,27,109.1,44,109.11,33,109.12,116,109.08
TL2412,,13:49:23.800#,108.81,109.09,108.75,112.48,104.88,4303,23090,109.03,533,109.04,119,109.05,52,109.06,32,109.07,2,109.08,4,109.09,27,109.1,39,109.11,33,109.12,116,109.08
TL2412,,13:49:24.300#,108.81,109.09,108.75,112.48,104.88,4303,23090,109.03,533,109.04,124,109.05,52,109.06,26,109.07,2,109.09,38,109.1,29,109.11,123,109.12,523,109.13,127,109.08
TL2412,,13:49:24.800#,108.81,109.09,108.75,112.48,104.88,4303,23090,109.03,533,109.04,119,109.05,52,109.06,27,109.07,2,109.09,13,109.1,39,109.11,33,109.12,111,109.13,524,109.08
TL2412,,13:49:25.300#,108.81,109.09,108.75,112.48,104.88,4304,23090,109.03,528,109.04,124,109.05,52,109.06,32,109.07,4,109.09,7,109.1,44,109.11,33,109.12,116,109.13,524,109.09
TL2412,,13:49:25.800#,108.81,109.09,108.75,112.48,104.88,4304,23090,109.03,528,109.04,124,109.05,52,109.06,32,109.07,4,109.09,7,109.1,49,109.11,33,109.12,121,109.13,524,109.09
TL2412,,13:49:26.300#,108.81,109.09,108.75,112.48,104.88,4304,23090,109.03,528,109.04,124,109.05,52,109.06,32,109.07,4,109.09,8,109.1,49,109.11,33,109.12,121,109.13,524,109.09
TL2412,,13:49:29.800#,108.81,109.09,108.75,112.48,104.88,4312,23096,109.04,124,109.05,52,109.06,32,109.07,4,109.09,17,109.1,49,109.11,33,109.12,121,109.13,524,109.14,126,109.09
