InstrumentId,ExchangeId,Datetime,OpenPrice,HighestPrice,LowestPrice,UpperLimitPrice,LowerLimitPrice,Volume,OpenInterest,BidPrice5,BidVolume5,BidPrice4,BidVolume4,BidPrice3,BidVolume3,BidPrice2,BidVolume2,BidPrice1,BidVolume1,AskPrice1,AskVolume1,AskPrice2,AskVolume2,AskPrice3,AskVolume3,AskPrice4,AskVolume4,AskPrice5,AskVolume5,LastPrice
TL2409,,13:38:34.800#,109.25,109.43,109.11,112.86,105.24,21235,76746,109.38,939,109.39,95,109.4,102,109.41,132,109.42,5,109.43,25,109.44,111,109.45,196,109.46,84,109.47,901,109.42
TL2409,,13:38:35.300#,109.25,109.43,109.11,112.86,105.24,21235,76746,109.38,939,109.39,85,109.4,112,109.41,131,109.42,4,109.43,25,109.44,111,109.45,196,109.46,84,109.47,901,109.42
TL2409,,13:38:35.800#,109.25,109.43,109.11,112.86,105.24,21236,76747,109.38,939,109.39,85,109.4,112,109.41,131,109.42,2,109.43,24,109.44,111,109.45,196,109.46,84,109.47,901,109.42
TL2409,,13:38:36.300#,109.25,109.43,109.11,112.86,105.24,21236,76747,109.38,861,109.39,96,109.4,101,109.41,131,109.42,2,109.43,24,109.44,111,109.45,196,109.46,84,109.47,901,109.42
TL2409,,13:38:36.800#,109.25,109.43,109.11,112.86,105.24,21239,76746,109.37,296,109.38,861,109.39,96,109.4,91,109.41,131,109.43,25,109.44,111,109.45,196,109.46,84,109.47,901,109.42
TL2409,,13:38:37.300#,109.25,109.43,109.11,112.86,105.24,21239,76746,109.37,864,109.38,163,109.39,96,109.4,111,109.41,62,109.43,36,109.44,100,109.45,196,109.46,201,109.47,774,109.42
TL2409,,13:38:37.800#,109.25,109.43,109.11,112.86,105.24,21239,76746,109.38,163,109.39,96,109.4,121,109.41,66,109.42,50,109.43,36,109.44,100,109.45,196,109.46,201,109.47,784,109.42
TL2409,,13:38:38.300#,109.25,109.43,109.11,112.86,105.24,21239,76746,109.38,949,109.39,85,109.4,112,109.41,125,109.42,53,109.43,25,109.44,111,109.45,196,109.46,84,109.47,891,109.42
TL2409,,13:38:38.800#,109.25,109.43,109.11,112.86,105.24,21239,76746,109.38,949,109.39,85,109.4,112,109.41,135,109.42,53,109.43,25,109.44,111,109.45,196,109.46,84,109.47,891,109.42
TL2409,,13:38:39.800#,109.25,109.43,109.11,112.86,105.24,21244,76746,109.38,949,109.39,85,109.4,112,109.41,135,109.42,48,109.43,25,109.44,111,109.45,196,109.46,84,109.47,891,109.42
TL2409,,13:38:40.300#,109.25,109.43,109.11,112.86,105.24,21244,76746,109.38,949,109.39,85,109.4,112,109.41,135,109.42,48,109.43,24,109.44,111,109.45,196,109.46,84,109.47,891,109.42
TL2409,,13:38:41.800#,109.25,109.43,109.11,112.86,105.24,21245,76746,109.38,949,109.39,85,109.4,112,109.41,135,109.42,48,109.43,24,109.44,111,109.45,196,109.46,84,109.47,891,109.43
TL2409,,13:38:42.300#,109.25,109.43,109.11,112.86,105.24,21245,76746,109.38,939,109.39,95,109.4,112,109.41,135,109.42,48,109.43,24,109.44,111,109.45,196,109.46,84,109.47,881,109.43
TL2409,,13:38:42.800#,109.25,109.43,109.11,112.86,105.24,21245,76746,109.38,939,109.39,95,109.4,113,109.41,135,109.42,48,109.43,24,109.44,111,109.45,196,109.46,84,109.47,881,109.43
TL2409,,13:38:43.800#,109.25,109.43,109.11,112.86,105.24,21245,76746,109.38,939,109.39,95,109.4,114,109.41,135,109.42,48,109.43,24,109.44,111,109.45,196,109.46,84,109.47,881,109.43
TL2409,,13:38:44.800#,109.25,109.43,109.11,112.86,105.24,21260,76733,109.38,939,109.39,95,109.4,114,109.41,135,109.42,50,109.43,9,109.44,111,109.45,196,109.46,84,109.47,881,109.43
TL2409,,13:38:45.300#,109.25,109.43,109.11,112.86,105.24,21270,76735,109.39,95,109.4,104,109.41,145,109.42,51,109.43,13,109.44,121,109.45,186,109.46,84,109.47,881,109.48,368,109.43
TL2409,,13:38:45.800#,109.25,109.43,109.11,112.86,105.24,21270,76735,109.39,832,109.4,121,109.41,124,109.42,110,109.43,14,109.44,30,109.45,235,109.46,65,109.47,134,109.48,1005,109.43
TL2409,,13:38:46.300#,109.25,109.43,109.11,112.86,105.24,21270,76735,109.39,871,109.4,101,109.41,123,109.42,141,109.43,14,109.44,30,109.45,224,109.46,76,109.47,95,109.48,1044,109.43
TL2409,,13:38:46.800#,109.25,109.43,109.11,112.86,105.24,21270,76735,109.39,870,109.4,106,109.41,123,109.42,141,109.43,14,109.44,30,109.45,224,109.46,76,109.47,95,109.48,1044,109.43
TL2409,,13:38:47.300#,109.25,109.43,109.11,112.86,105.24,21270,76735,109.39,870,109.4,106,109.41,124,109.42,140,109.43,14,109.44,30,109.45,225,109.46,75,109.47,95,109.48,1044,109.43
TL2409,,13:38:47.800#,109.25,109.43,109.11,112.86,105.24,21270,76735,109.39,870,109.4,106,109.41,125,109.42,140,109.43,14,109.44,29,109.45,225,109.46,75,109.47,95,109.48,1044,109.43
TL2409,,13:38:48.300#,109.25,109.43,109.11,112.86,105.24,21270,76735,109.39,871,109.4,107,109.41,126,109.42,141,109.43,14,109.44,29,109.45,215,109.46,75,109.47,95,109.48,1044,109.43
TL2409,,13:38:48.800#,109.25,109.43,109.11,112.86,105.24,21270,76735,109.39,871,109.4,107,109.41,126,109.42,141,109.43,15,109.44,29,109.45,215,109.46,75,109.47,95,109.48,1044,109.43
TL2409,,13:38:49.800#,109.25,109.43,109.11,112.86,105.24,21270,76735,109.39,871,109.4,107,109.41,126,109.42,141,109.43,15,109.44,29,109.45,215,109.46,76,109.47,95,109.48,1044,109.43
TL2409,,13:38:50.300#,109.25,109.43,109.11,112.86,105.24,21270,76735,109.39,871,109.4,107,109.41,126,109.42,141,109.43,16,109.44,29,109.45,215,109.46,76,109.47,95,109.48,1044,109.43
TL2409,,13:38:50.800#,109.25,109.43,109.11,112.86,105.24,21270,76735,109.39,871,109.4,107,109.41,126,109.42,141,109.43,17,109.44,29,109.45,215,109.46,76,109.47,95,109.48,1044,109.43
TL2409,,13:38:51.800#,109.25,109.43,109.11,112.86,105.24,21270,76735,109.39,871,109.4,107,109.41,126,109.42,145,109.43,17,109.44,29,109.45,215,109.46,76,109.47,95,109.48,1044,109.43
TL2409,,13:38:52.300#,109.25,109.43,109.11,112.86,105.24,21270,76735,109.39,871,109.4,107,109.41,126,109.42,146,109.43,17,109.44,30,109.45,215,109.46,76,109.47,95,109.48,1044,109.43
TL2409,,13:38:53.800#,109.25,109.43,109.11,112.86,105.24,21271,76735,109.39,871,109.4,107,109.41,126,109.42,146,109.43,16,109.44,30,109.45,215,109.46,76,109.47,95,109.48,1044,109.43
TL2409,,13:38:54.300#,109.25,109.43,109.11,112.86,105.24,21271,76735,109.39,871,109.4,107,109.41,126,109.42,146,109.43,16,109.44,30,109.45,212,109.46,76,109.47,95,109.48,1044,109.43
TL2409,,13:38:54.800#,109.25,109.44,109.11,112.86,105.24,21272,76736,109.39,871,109.4,107,109.41,126,109.42,146,109.43,17,109.44,29,109.45,203,109.46,76,109.47,95,109.48,1044,109.44
TL2409,,13:38:55.300#,109.25,109.44,109.11,112.86,105.24,21280,76730,109.39,861,109.4,117,109.41,126,109.42,146,109.43,18,109.44,21,109.45,203,109.46,86,109.47,95,109.48,1034,109.44
TL2409,,13:38:55.800#,109.25,109.44,109.11,112.86,105.24,21280,76730,109.39,860,109.4,117,109.41,127,109.42,146,109.43,18,109.44,21,109.45,203,109.46,86,109.47,95,109.48,1034,109.44
TL2409,,13:38:56.300#,109.25,109.44,109.11,112.86,105.24,21282,76728,109.39,860,109.4,117,109.41,127,109.42,146,109.43,18,109.44,19,109.45,203,109.46,85,109.47,95,109.48,1034,109.44
TL2409,,13:38:57.800#,109.25,109.44,109.11,112.86,105.24,21282,76728,109.39,861,109.4,116,109.41,127,109.42,146,109.43,18,109.44,19,109.45,204,109.46,85,109.47,95,109.48,1034,109.44
TL2409,,13:38:58.300#,109.25,109.44,109.11,112.86,105.24,21282,76728,109.39,861,109.4,117,109.41,126,109.42,146,109.43,18,109.44,19,109.45,204,109.46,85,109.47,95,109.48,1034,109.44
TL2409,,13:38:59.300#,109.25,109.44,109.11,112.86,105.24,21282,76728,109.39,861,109.4,117,109.41,126,109.42,146,109.43,18,109.44,19,109.45,205,109.46,85,109.47,95,109.48,1034,109.44
TL2409,,13:39:00.300#,109.25,109.44,109.11,112.86,105.24,21282,76728,109.39,861,109.4,116,109.41,127,109.42,146,109.43,18,109.44,19,109.45,205,109.46,85,109.47,95,109.48,1034,109.44
TL2409,,13:39:00.800#,109.25,109.44,109.11,112.86,105.24,21282,76728,109.39,861,109.4,114,109.41,129,109.42,146,109.43,18,109.44,20,109.45,205,109.46,85,109.47,95,109.48,1034,109.44
TL2409,,13:39:01.300#,109.25,109.44,109.11,112.86,105.24,21282,76728,109.39,861,109.4,114,109.41,129,109.42,156,109.43,18,109.44,20,109.45,215,109.46,85,109.47,95,109.48,1034,109.44
TL2409,,13:39:01.800#,109.25,109.44,109.11,112.86,105.24,21284,76728,109.39,861,109.4,113,109.41,130,109.42,156,109.43,17,109.44,20,109.45,225,109.46,75,109.47,95,109.48,1034,109.43
TL2409,,13:39:02.300#,109.25,109.44,109.11,112.86,105.24,21304,76718,109.39,861,109.4,103,109.41,131,109.42,156,109.43,18,109.44,1,109.45,225,109.46,75,109.47,95,109.48,1044,109.44
TL2409,,13:39:02.800#,109.25,109.44,109.11,112.86,105.24,21305,76718,109.4,113,109.41,141,109.42,146,109.43,20,109.44,3,109.45,205,109.46,86,109.47,96,109.48,1024,109.49,248,109.44
TL2409,,13:39:03.300#,109.25,109.44,109.11,112.86,105.24,21308,76720,109.39,195,109.4,967,109.41,150,109.42,138,109.43,68,109.44,12,109.45,115,109.46,106,109.47,98,109.48,170,109.44
TL2409,,13:39:03.800#,109.25,109.44,109.11,112.86,105.24,21309,76720,109.39,822,109.4,230,109.41,132,109.42,156,109.43,20,109.44,15,109.45,205,109.46,76,109.47,107,109.48,907,109.43
TL2409,,13:39:04.300#,109.25,109.44,109.11,112.86,105.24,21309,76720,109.39,861,109.4,181,109.41,142,109.42,137,109.43,18,109.44,15,109.45,195,109.46,96,109.47,97,109.48,956,109.43
TL2409,,13:39:04.800#,109.25,109.44,109.11,112.86,105.24,21319,76711,109.39,871,109.4,181,109.41,142,109.42,147,109.43,18,109.44,5,109.45,205,109.46,96,109.47,97,109.48,956,109.44
TL2409,,13:39:05.300#,109.25,109.44,109.11,112.86,105.24,21319,76711,109.39,861,109.4,191,109.41,142,109.42,147,109.43,18,109.44,6,109.45,205,109.46,97,109.47,97,109.48,946,109.44
TL2409,,13:39:05.800#,109.25,109.44,109.11,112.86,105.24,21319,76711,109.39,861,109.4,191,109.41,142,109.42,147,109.43,18,109.44,9,109.45,205,109.46,97,109.47,97,109.48,946,109.44
TL2409,,13:39:06.300#,109.25,109.44,109.11,112.86,105.24,21319,76711,109.39,861,109.4,191,109.41,142,109.42,147,109.43,18,109.44,13,109.45,205,109.46,97,109.47,97,109.48,946,109.44
TL2409,,13:39:06.800#,109.25,109.44,109.11,112.86,105.24,21319,76711,109.39,861,109.4,191,109.41,142,109.42,147,109.43,18,109.44,16,109.45,205,109.46,97,109.47,97,109.48,946,109.44
TL2409,,13:39:07.300#,109.25,109.44,109.11,112.86,105.24,21337,76720,109.4,191,109.41,142,109.42,147,109.43,17,109.44,33,109.45,206,109.46,97,109.47,97,109.48,946,109.49,259,109.44
TL2409,,13:39:07.800#,109.25,109.44,109.11,112.86,105.24,21339,76720,109.4,928,109.41,150,109.42,140,109.43,76,109.44,33,109.45,116,109.46,116,109.47,88,109.48,209,109.49,886,109.44
TL2409,,13:39:08.300#,109.25,109.45,109.11,112.86,105.24,21342,76721,109.4,967,109.41,129,109.42,139,109.43,97,109.44,52,109.45,116,109.46,105,109.47,99,109.48,170,109.49,925,109.44
TL2409,,13:39:08.800#,109.25,109.45,109.11,112.86,105.24,21342,76721,109.4,967,109.41,129,109.42,139,109.43,97,109.44,53,109.45,116,109.46,105,109.47,109,109.48,170,109.49,925,109.44
TL2409,,13:39:09.800#,109.25,109.45,109.11,112.86,105.24,21344,76719,109.4,967,109.41,129,109.42,139,109.43,97,109.44,53,109.45,114,109.46,105,109.47,109,109.48,170,109.49,925,109.45
TL2409,,13:39:10.300#,109.25,109.45,109.11,112.86,105.24,21350,76714,109.4,957,109.41,139,109.42,140,109.43,96,109.44,52,109.45,109,109.46,106,109.47,108,109.48,170,109.49,915,109.45
TL2409,,13:39:10.800#,109.25,109.45,109.11,112.86,105.24,21350,76714,109.4,957,109.41,139,109.42,140,109.43,96,109.44,53,109.45,110,109.46,106,109.47,108,109.48,170,109.49,915,109.45
TL2409,,13:39:11.300#,109.25,109.45,109.11,112.86,105.24,21350,76714,109.4,957,109.41,139,109.42,140,109.43,96,109.44,54,109.45,110,109.46,106,109.47,108,109.48,170,109.49,915,109.45
TL2409,,13:39:11.800#,109.25,109.45,109.11,112.86,105.24,21350,76714,109.4,957,109.41,139,109.42,140,109.43,96,109.44,55,109.45,110,109.46,106,109.47,108,109.48,170,109.49,915,109.45
TL2409,,13:39:12.800#,109.25,109.45,109.11,112.86,105.24,21350,76714,109.4,957,109.41,139,109.42,140,109.43,96,109.44,55,109.45,110,109.46,107,109.47,108,109.48,170,109.49,915,109.45
TL2409,,13:39:13.300#,109.25,109.45,109.11,112.86,105.24,21350,76714,109.4,957,109.41,139,109.42,140,109.43,96,109.44,55,109.45,111,109.46,107,109.47,108,109.48,170,109.49,915,109.45
TL2409,,13:39:16.300#,109.25,109.45,109.11,112.86,105.24,21350,76714,109.4,957,109.41,139,109.42,140,109.43,96,109.44,55,109.45,110,109.46,107,109.47,108,109.48,170,109.49,915,109.45
TL2409,,13:39:19.300#,109.25,109.45,109.11,112.86,105.24,21350,76714,109.4,957,109.41,139,109.42,140,109.43,96,109.44,57,109.45,110,109.46,107,109.47,108,109.48,170,109.49,915,109.45
TL2409,,13:39:20.300#,109.25,109.45,109.11,112.86,105.24,21350,76714,109.4,957,109.41,139,109.42,140,109.43,96,109.44,62,109.45,110,109.46,107,109.47,108,109.48,170,109.49,915,109.45
TL2409,,13:39:20.800#,109.25,109.45,109.11,112.86,105.24,21350,76714,109.4,957,109.41,139,109.42,140,109.43,96,109.44,62,109.45,110,109.46,107,109.47,109,109.48,170,109.49,915,109.45
TL2409,,13:39:21.300#,109.25,109.45,109.11,112.86,105.24,21350,76714,109.4,957,109.41,139,109.42,140,109.43,96,109.44,62,109.45,119,109.46,107,109.47,109,109.48,170,109.49,915,109.45
TL2409,,13:39:21.800#,109.25,109.45,109.11,112.86,105.24,21350,76714,109.4,957,109.41,139,109.42,140,109.43,96,109.44,62,109.45,111,109.46,107,109.47,109,109.48,170,109.49,915,109.45
TL2409,,13:39:22.300#,109.25,109.45,109.11,112.86,105.24,21350,76714,109.4,957,109.41,139,109.42,140,109.43,96,109.44,62,109.45,110,109.46,107,109.47,109,109.48,170,109.49,915,109.45
TL2409,,13:39:22.800#,109.25,109.45,109.11,112.86,105.24,21350,76714,109.4,956,109.41,139,109.42,140,109.43,96,109.44,62,109.45,110,109.46,107,109.47,109,109.48,170,109.49,915,109.45
TL2409,,13:39:24.300#,109.25,109.45,109.11,112.86,105.24,21350,76714,109.4,956,109.41,139,109.42,140,109.43,96,109.44,62,109.45,111,109.46,107,109.47,109,109.48,170,109.49,915,109.45
TL2409,,13:39:24.800#,109.25,109.45,109.11,112.86,105.24,21350,76714,109.4,956,109.41,139,109.42,140,109.43,96,109.44,62,109.45,110,109.46,106,109.47,109,109.48,170,109.49,916,109.45
TL2409,,13:39:25.800#,109.25,109.45,109.11,112.86,105.24,21350,76714,109.4,956,109.41,139,109.42,140,109.43,96,109.44,63,109.45,111,109.46,106,109.47,109,109.48,170,109.49,916,109.45
TL2409,,13:39:26.300#,109.25,109.45,109.11,112.86,105.24,21350,76714,109.4,956,109.41,139,109.42,140,109.43,96,109.44,64,109.45,111,109.46,106,109.47,109,109.48,170,109.49,916,109.45
TL2409,,13:39:27.300#,109.25,109.45,109.11,112.86,105.24,21350,76714,109.4,956,109.41,139,109.42,140,109.43,96,109.44,64,109.45,110,109.46,106,109.47,109,109.48,170,109.49,916,109.45
TL2409,,13:39:28.300#,109.25,109.45,109.11,112.86,105.24,21350,76714,109.4,956,109.41,139,109.42,140,109.43,96,109.44,66,109.45,110,109.46,106,109.47,109,109.48,170,109.49,916,109.45
TL2409,,13:39:28.800#,109.25,109.45,109.11,112.86,105.24,21351,76714,109.4,956,109.41,139,109.42,140,109.43,96,109.44,66,109.45,110,109.46,106,109.47,109,109.48,170,109.49,916,109.44
TL2409,,13:39:29.300#,109.25,109.45,109.11,112.86,105.24,21352,76715,109.4,956,109.41,129,109.42,140,109.43,96,109.44,66,109.45,110,109.46,106,109.47,109,109.48,170,109.49,926,109.44
TL2409,,13:39:29.800#,109.25,109.45,109.11,112.86,105.24,21352,76715,109.4,966,109.41,129,109.42,140,109.43,96,109.44,66,109.45,110,109.46,107,109.47,109,109.48,170,109.49,926,109.44
TL2409,,13:39:31.300#,109.25,109.45,109.11,112.86,105.24,21352,76715,109.4,966,109.41,129,109.42,140,109.43,96,109.44,66,109.45,111,109.46,107,109.47,109,109.48,170,109.49,926,109.44
TL2409,,13:39:32.300#,109.25,109.45,109.11,112.86,105.24,21352,76715,109.4,966,109.41,129,109.42,140,109.43,96,109.44,67,109.45,111,109.46,107,109.47,109,109.48,170,109.49,926,109.44
TL2409,,13:39:32.800#,109.25,109.45,109.11,112.86,105.24,21355,76715,109.4,966,109.41,129,109.42,140,109.43,96,109.44,64,109.45,111,109.46,107,109.47,109,109.48,170,109.49,926,109.44
TL2409,,13:39:33.300#,109.25,109.45,109.11,112.86,105.24,21355,76715,109.4,963,109.41,129,109.42,143,109.43,96,109.44,64,109.45,111,109.46,107,109.47,109,109.48,170,109.49,926,109.44
TL2409,,13:39:33.800#,109.25,109.45,109.11,112.86,105.24,21355,76715,109.4,962,109.41,129,109.42,144,109.43,96,109.44,64,109.45,111,109.46,107,109.47,109,109.48,170,109.49,926,109.44
TL2409,,13:39:34.300#,109.25,109.45,109.11,112.86,105.24,21355,76715,109.4,961,109.41,129,109.42,145,109.43,96,109.44,64,109.45,111,109.46,108,109.47,109,109.48,170,109.49,926,109.44
TL2409,,13:39:35.300#,109.25,109.45,109.11,112.86,105.24,21355,76715,109.4,961,109.41,129,109.42,145,109.43,96,109.44,63,109.45,111,109.46,108,109.47,109,109.48,170,109.49,926,109.44
TL2409,,13:39:35.800#,109.25,109.45,109.11,112.86,105.24,21355,76715,109.4,961,109.41,129,109.42,145,109.43,96,109.44,64,109.45,111,109.46,108,109.47,109,109.48,170,109.49,926,109.44
TL2409,,13:39:36.300#,109.25,109.45,109.11,112.86,105.24,21355,76715,109.4,961,109.41,129,109.42,145,109.43,96,109.44,64,109.45,112,109.46,108,109.47,109,109.48,170,109.49,926,109.44
TL2409,,13:39:36.800#,109.25,109.45,109.11,112.86,105.24,21355,76715,109.4,961,109.41,129,109.42,145,109.43,96,109.44,64,109.45,111,109.46,108,109.47,109,109.48,170,109.49,926,109.44
TL2409,,13:39:37.300#,109.25,109.45,109.11,112.86,105.24,21355,76715,109.4,961,109.41,129,109.42,145,109.43,96,109.44,64,109.45,112,109.46,108,109.47,109,109.48,170,109.49,926,109.44
TL2409,,13:39:37.800#,109.25,109.45,109.11,112.86,105.24,21355,76715,109.4,961,109.41,129,109.42,145,109.43,96,109.44,64,109.45,111,109.46,108,109.47,109,109.48,170,109.49,926,109.44
TL2409,,13:39:38.300#,109.25,109.45,109.11,112.86,105.24,21355,76715,109.4,961,109.41,129,109.42,145,109.43,96,109.44,64,109.45,112,109.46,108,109.47,109,109.48,170,109.49,926,109.44
TL2409,,13:39:38.800#,109.25,109.45,109.11,112.86,105.24,21355,76715,109.4,961,109.41,129,109.42,145,109.43,96,109.44,64,109.45,111,109.46,108,109.47,109,109.48,170,109.49,926,109.44
TL2409,,13:39:39.300#,109.25,109.45,109.11,112.86,105.24,21355,76715,109.4,961,109.41,129,109.42,145,109.43,96,109.44,64,109.45,112,109.46,108,109.47,109,109.48,170,109.49,926,109.44
TL2409,,13:39:39.800#,109.25,109.45,109.11,112.86,105.24,21355,76715,109.4,961,109.41,129,109.42,145,109.43,96,109.44,64,109.45,111,109.46,108,109.47,109,109.48,170,109.49,926,109.44
TL2409,,13:39:40.300#,109.25,109.45,109.11,112.86,105.24,21356,76716,109.4,961,109.41,129,109.42,145,109.43,97,109.44,63,109.45,112,109.46,108,109.47,109,109.48,170,109.49,926,109.44
TL2409,,13:39:40.800#,109.25,109.45,109.11,112.86,105.24,21357,76716,109.4,961,109.41,130,109.42,145,109.43,97,109.44,62,109.45,111,109.46,108,109.47,109,109.48,170,109.49,926,109.44
TL2409,,13:39:41.300#,109.25,109.45,109.11,112.86,105.24,21357,76716,109.4,961,109.41,129,109.42,146,109.43,97,109.44,64,109.45,112,109.46,108,109.47,109,109.48,170,109.49,926,109.44
TL2409,,13:39:41.800#,109.25,109.45,109.11,112.86,105.24,21357,76716,109.4,961,109.41,127,109.42,148,109.43,97,109.44,64,109.45,111,109.46,108,109.47,109,109.48,170,109.49,926,109.44
TL2409,,13:39:42.300#,109.25,109.45,109.11,112.86,105.24,21357,76716,109.4,961,109.41,127,109.42,148,109.43,97,109.44,64,109.45,112,109.46,108,109.47,109,109.48,170,109.49,926,109.44
TL2409,,13:39:42.800#,109.25,109.45,109.11,112.86,105.24,21357,76716,109.4,961,109.41,126,109.42,149,109.43,97,109.44,64,109.45,111,109.46,108,109.47,109,109.48,170,109.49,926,109.44
TL2409,,13:39:43.300#,109.25,109.45,109.11,112.86,105.24,21357,76716,109.4,961,109.41,126,109.42,149,109.43,97,109.44,65,109.45,112,109.46,108,109.47,109,109.48,170,109.49,926,109.44
TL2409,,13:39:43.800#,109.25,109.45,109.11,112.86,105.24,21357,76716,109.4,961,109.41,126,109.42,149,109.43,97,109.44,65,109.45,111,109.46,108,109.47,109,109.48,170,109.49,926,109.44
TL2409,,13:39:44.800#,109.25,109.45,109.11,112.86,105.24,21357,76716,109.4,961,109.41,126,109.42,149,109.43,97,109.44,65,109.45,112,109.46,108,109.47,109,109.48,170,109.49,926,109.44
TL2409,,13:39:45.300#,109.25,109.45,109.11,112.86,105.24,21359,76718,109.4,961,109.41,126,109.42,149,109.43,97,109.44,63,109.45,112,109.46,108,109.47,109,109.48,170,109.49,926,109.44
TL2409,,13:39:45.800#,109.25,109.45,109.11,112.86,105.24,21359,76718,109.4,961,109.41,126,109.42,149,109.43,97,109.44,63,109.45,124,109.46,108,109.47,109,109.48,170,109.49,926,109.44
TL2409,,13:39:46.300#,109.25,109.45,109.11,112.86,105.24,21361,76718,109.4,961,109.41,126,109.42,149,109.43,97,109.44,61,109.45,123,109.46,108,109.47,109,109.48,171,109.49,926,109.44
TL2409,,13:39:46.800#,109.25,109.45,109.11,112.86,105.24,21366,76721,109.4,961,109.41,126,109.42,149,109.43,97,109.44,56,109.45,124,109.46,108,109.47,109,109.48,171,109.49,926,109.44
TL2409,,13:39:47.300#,109.25,109.45,109.11,112.86,105.24,21385,76730,109.4,961,109.41,126,109.42,149,109.43,97,109.44,37,109.45,123,109.46,108,109.47,109,109.48,171,109.49,926,109.44
TL2409,,13:39:47.800#,109.25,109.45,109.11,112.86,105.24,21414,76724,109.4,961,109.41,126,109.42,149,109.43,97,109.44,10,109.45,124,109.46,108,109.47,109,109.48,171,109.49,926,109.44
TL2409,,13:39:48.300#,109.25,109.45,109.11,112.86,105.24,21424,76722,109.39,195,109.4,961,109.41,126,109.42,149,109.43,97,109.44,28,109.45,123,109.46,108,109.47,109,109.48,171,109.44
TL2409,,13:39:48.800#,109.25,109.45,109.11,112.86,105.24,21426,76722,109.39,822,109.4,224,109.41,117,109.42,178,109.43,15,109.44,21,109.45,213,109.46,88,109.47,108,109.48,908,109.43
TL2409,,13:39:49.300#,109.25,109.45,109.11,112.86,105.24,21426,76722,109.39,734,109.4,225,109.41,106,109.42,158,109.43,15,109.44,22,109.45,212,109.46,78,109.47,120,109.48,928,109.43
TL2409,,13:39:49.800#,109.25,109.45,109.11,112.86,105.24,21428,76724,109.39,783,109.4,186,109.41,125,109.42,158,109.43,13,109.44,24,109.45,212,109.46,88,109.47,110,109.48,967,109.43
TL2409,,13:39:50.300#,109.25,109.45,109.11,112.86,105.24,21437,76721,109.39,783,109.4,186,109.41,115,109.42,168,109.43,5,109.44,22,109.45,232,109.46,78,109.47,110,109.48,967,109.44
TL2409,,13:39:50.800#,109.25,109.45,109.11,112.86,105.24,21443,76718,109.38,286,109.39,773,109.4,197,109.41,116,109.42,168,109.43,3,109.44,23,109.45,233,109.46,78,109.47,110,109.43
TL2409,,13:39:51.300#,109.25,109.45,109.11,112.86,105.24,21451,76714,109.39,114,109.4,80,109.41,175,109.42,72,109.43,18,109.44,68,109.45,196,109.46,108,109.47,847,109.48,408,109.44
TL2409,,13:39:51.800#,109.25,109.45,109.11,112.86,105.24,21451,76714,109.39,812,109.4,118,109.41,127,109.42,147,109.43,15,109.44,9,109.45,245,109.46,69,109.47,149,109.48,996,109.44
TL2409,,13:39:52.300#,109.25,109.45,109.11,112.86,105.24,21451,76714,109.39,822,109.4,118,109.41,117,109.42,157,109.43,15,109.44,9,109.45,235,109.46,69,109.47,149,109.48,986,109.44
TL2409,,13:39:52.800#,109.25,109.45,109.11,112.86,105.24,21451,76714,109.39,861,109.4,108,109.41,127,109.42,167,109.43,20,109.44,9,109.45,234,109.46,78,109.47,110,109.48,1025,109.44
TL2409,,13:39:53.300#,109.25,109.45,109.11,112.86,105.24,21452,76714,109.39,861,109.4,108,109.41,127,109.42,167,109.43,21,109.44,10,109.45,224,109.46,79,109.47,110,109.48,1025,109.43
TL2409,,13:39:53.800#,109.25,109.45,109.11,112.86,105.24,21452,76714,109.39,861,109.4,98,109.41,127,109.42,167,109.43,22,109.44,10,109.45,234,109.46,79,109.47,110,109.48,1035,109.43
TL2409,,13:39:54.300#,109.25,109.45,109.11,112.86,105.24,21452,76714,109.39,871,109.4,98,109.41,127,109.42,167,109.43,28,109.44,11,109.45,234,109.46,79,109.47,110,109.48,1035,109.43
TL2409,,13:39:54.800#,109.25,109.45,109.11,112.86,105.24,21452,76714,109.39,871,109.4,98,109.41,127,109.42,167,109.43,28,109.44,13,109.45,234,109.46,79,109.47,110,109.48,1035,109.43
TL2409,,13:39:55.300#,109.25,109.45,109.11,112.86,105.24,21452,76714,109.39,871,109.4,98,109.41,127,109.42,167,109.43,28,109.44,13,109.45,234,109.46,79,109.47,111,109.48,1035,109.43
TL2409,,13:39:55.800#,109.25,109.45,109.11,112.86,105.24,21452,76714,109.39,871,109.4,98,109.41,127,109.42,167,109.43,28,109.44,13,109.45,235,109.46,79,109.47,111,109.48,1035,109.43
TL2409,,13:39:56.300#,109.25,109.45,109.11,112.86,105.24,21452,76714,109.39,871,109.4,98,109.41,127,109.42,167,109.43,28,109.44,13,109.45,235,109.46,78,109.47,111,109.48,1035,109.43
TL2409,,13:39:57.300#,109.25,109.45,109.11,112.86,105.24,21452,76714,109.39,872,109.4,98,109.41,127,109.42,167,109.43,23,109.44,13,109.45,235,109.46,78,109.47,111,109.48,1035,109.43
TL2409,,13:39:57.800#,109.25,109.45,109.11,112.86,105.24,21452,76714,109.39,872,109.4,98,109.41,127,109.42,167,109.43,21,109.44,13,109.45,235,109.46,78,109.47,111,109.48,1035,109.43
TL2409,,13:39:58.300#,109.25,109.45,109.11,112.86,105.24,21452,76714,109.39,872,109.4,98,109.41,126,109.42,167,109.43,21,109.44,27,109.45,235,109.46,78,109.47,111,109.48,1035,109.43
TL2409,,13:39:58.800#,109.25,109.45,109.11,112.86,105.24,21452,76714,109.39,862,109.4,98,109.41,126,109.42,167,109.43,21,109.44,32,109.45,235,109.46,78,109.47,111,109.48,1045,109.43
TL2409,,13:39:59.300#,109.25,109.45,109.11,112.86,105.24,21452,76714,109.39,862,109.4,98,109.41,126,109.42,167,109.43,21,109.44,35,109.45,235,109.46,78,109.47,111,109.48,1045,109.43
TL2409,,13:39:59.800#,109.25,109.45,109.11,112.86,105.24,21452,76714,109.39,862,109.4,98,109.41,126,109.42,167,109.43,21,109.44,36,109.45,234,109.46,78,109.47,111,109.48,1045,109.43
TL2409,,13:40:00.800#,109.25,109.45,109.11,112.86,105.24,21452,76714,109.39,862,109.4,98,109.41,126,109.42,167,109.43,21,109.44,37,109.45,233,109.46,78,109.47,111,109.48,1045,109.43
TL2409,,13:40:01.300#,109.25,109.45,109.11,112.86,105.24,21452,76714,109.39,862,109.4,98,109.41,126,109.42,167,109.43,21,109.44,40,109.45,233,109.46,78,109.47,111,109.48,1045,109.43
TL2409,,13:40:01.800#,109.25,109.45,109.11,112.86,105.24,21452,76714,109.39,862,109.4,98,109.41,126,109.42,167,109.43,21,109.44,40,109.45,232,109.46,78,109.47,111,109.48,1046,109.43
TL2409,,13:40:02.800#,109.25,109.45,109.11,112.86,105.24,21452,76714,109.39,862,109.4,98,109.41,126,109.42,167,109.43,22,109.44,40,109.45,231,109.46,78,109.47,111,109.48,1046,109.43
TL2409,,13:40:03.300#,109.25,109.45,109.11,112.86,105.24,21452,76714,109.39,863,109.4,98,109.41,126,109.42,167,109.43,22,109.44,40,109.45,231,109.46,78,109.47,111,109.48,1046,109.43
TL2409,,13:40:03.800#,109.25,109.45,109.11,112.86,105.24,21452,76714,109.39,863,109.4,98,109.41,126,109.42,167,109.43,22,109.44,40,109.45,231,109.46,79,109.47,111,109.48,1046,109.43
TL2409,,13:40:07.300#,109.25,109.45,109.11,112.86,105.24,21452,76714,109.39,863,109.4,98,109.41,126,109.42,167,109.43,22,109.44,40,109.45,231,109.46,80,109.47,111,109.48,1046,109.43
TL2409,,13:40:09.300#,109.25,109.45,109.11,112.86,105.24,21452,76714,109.39,863,109.4,98,109.41,126,109.42,167,109.43,22,109.44,40,109.45,241,109.46,80,109.47,111,109.48,1046,109.43
TL2409,,13:40:09.800#,109.25,109.45,109.11,112.86,105.24,21452,76714,109.39,863,109.4,101,109.41,126,109.42,167,109.43,22,109.44,40,109.45,241,109.46,80,109.47,111,109.48,1046,109.43
TL2409,,13:40:10.300#,109.25,109.45,109.11,112.86,105.24,21452,76714,109.39,863,109.4,101,109.41,126,109.42,167,109.43,22,109.44,49,109.45,241,109.46,80,109.47,111,109.48,1046,109.43
TL2409,,13:40:10.800#,109.25,109.45,109.11,112.86,105.24,21453,76714,109.39,863,109.4,101,109.41,126,109.42,167,109.43,21,109.44,40,109.45,241,109.46,80,109.47,111,109.48,1046,109.43
TL2409,,13:40:11.300#,109.25,109.45,109.11,112.86,105.24,21453,76714,109.39,863,109.4,101,109.41,127,109.42,167,109.43,21,109.44,43,109.45,241,109.46,80,109.47,111,109.48,1046,109.43
TL2409,,13:40:13.300#,109.25,109.45,109.11,112.86,105.24,21453,76714,109.39,863,109.4,101,109.41,127,109.42,167,109.43,21,109.44,44,109.45,241,109.46,80,109.47,111,109.48,1046,109.43
TL2409,,13:40:15.800#,109.25,109.45,109.11,112.86,105.24,21453,76714,109.39,863,109.4,101,109.41,127,109.42,167,109.43,21,109.44,46,109.45,241,109.46,80,109.47,111,109.48,1046,109.43
TL2409,,13:40:16.300#,109.25,109.45,109.11,112.86,105.24,21453,76714,109.39,863,109.4,101,109.41,127,109.42,167,109.43,21,109.44,45,109.45,241,109.46,80,109.47,111,109.48,1046,109.43
TL2409,,13:40:16.800#,109.25,109.45,109.11,112.86,105.24,21453,76714,109.39,863,109.4,101,109.41,127,109.42,167,109.43,21,109.44,46,109.45,241,109.46,79,109.47,111,109.48,1046,109.43
TL2409,,13:40:17.800#,109.25,109.45,109.11,112.86,105.24,21484,76738,109.39,863,109.4,101,109.41,127,109.42,167,109.43,23,109.44,16,109.45,241,109.46,79,109.47,111,109.48,1046,109.44
TL2409,,13:40:18.300#,109.25,109.45,109.11,112.86,105.24,21488,76740,109.39,863,109.4,111,109.41,127,109.42,167,109.43,25,109.44,12,109.45,241,109.46,79,109.47,111,109.48,1026,109.44
TL2409,,13:40:18.800#,109.25,109.45,109.11,112.86,105.24,21491,76743,109.39,863,109.4,111,109.41,127,109.42,167,109.43,25,109.44,9,109.45,241,109.46,79,109.47,111,109.48,1026,109.44
TL2409,,13:40:19.300#,109.25,109.45,109.11,112.86,105.24,21492,76744,109.39,863,109.4,111,109.41,127,109.42,167,109.43,25,109.44,8,109.45,241,109.46,79,109.47,111,109.48,1026,109.44
TL2409,,13:40:19.800#,109.25,109.45,109.11,112.86,105.24,21496,76748,109.39,863,109.4,111,109.41,127,109.42,167,109.43,23,109.44,4,109.45,241,109.46,79,109.47,111,109.48,1026,109.44
TL2409,,13:40:20.300#,109.25,109.45,109.11,112.86,105.24,21500,76751,109.39,863,109.4,111,109.41,137,109.42,157,109.43,23,109.44,1,109.45,231,109.46,89,109.47,111,109.48,1026,109.44
TL2409,,13:40:20.800#,109.25,109.45,109.11,112.86,105.24,21501,76752,109.4,111,109.41,137,109.42,157,109.43,23,109.44,1,109.45,221,109.46,89,109.47,111,109.48,1026,109.49,265,109.44
TL2409,,13:40:21.300#,109.25,109.45,109.11,112.86,105.24,21502,76751,109.39,314,109.4,849,109.41,157,109.42,139,109.43,73,109.45,131,109.46,119,109.47,102,109.48,211,109.49,892,109.44
TL2409,,13:40:21.800#,109.25,109.45,109.11,112.86,105.24,21504,76751,109.39,853,109.4,190,109.41,137,109.42,158,109.43,35,109.44,8,109.45,141,109.46,109,109.47,112,109.48,289,109.44
TL2409,,13:40:22.300#,109.25,109.45,109.11,112.86,105.24,21504,76751,109.39,863,109.4,190,109.41,138,109.42,158,109.43,27,109.44,9,109.45,220,109.46,89,109.47,121,109.48,909,109.44
TL2409,,13:40:22.800#,109.25,109.45,109.11,112.86,105.24,21504,76751,109.39,863,109.4,190,109.41,138,109.42,147,109.43,27,109.44,9,109.45,210,109.46,99,109.47,111,109.48,948,109.44
TL2409,,13:40:23.300#,109.25,109.45,109.11,112.86,105.24,21504,76751,109.39,863,109.4,190,109.41,138,109.42,158,109.43,27,109.44,9,109.45,220,109.46,99,109.47,111,109.48,948,109.44
TL2409,,13:40:23.800#,109.25,109.45,109.11,112.86,105.24,21504,76751,109.39,863,109.4,190,109.41,138,109.42,157,109.43,27,109.44,9,109.45,220,109.46,99,109.47,111,109.48,948,109.44
TL2409,,13:40:24.300#,109.25,109.45,109.11,112.86,105.24,21504,76751,109.39,863,109.4,190,109.41,138,109.42,158,109.43,27,109.44,9,109.45,220,109.46,99,109.47,111,109.48,948,109.44
TL2409,,13:40:24.800#,109.25,109.45,109.11,112.86,105.24,21504,76751,109.39,863,109.4,190,109.41,138,109.42,157,109.43,28,109.44,9,109.45,220,109.46,99,109.47,111,109.48,948,109.44
TL2409,,13:40:25.300#,109.25,109.45,109.11,112.86,105.24,21504,76751,109.39,863,109.4,190,109.41,138,109.42,158,109.43,29,109.44,9,109.45,220,109.46,99,109.47,111,109.48,948,109.44
TL2409,,13:40:25.800#,109.25,109.45,109.11,112.86,105.24,21504,76751,109.39,863,109.4,190,109.41,138,109.42,157,109.43,29,109.44,9,109.45,220,109.46,99,109.47,111,109.48,948,109.44
TL2409,,13:40:26.300#,109.25,109.45,109.11,112.86,105.24,21504,76751,109.39,863,109.4,190,109.41,138,109.42,158,109.43,29,109.44,9,109.45,220,109.46,99,109.47,111,109.48,948,109.44
TL2409,,13:40:26.800#,109.25,109.45,109.11,112.86,105.24,21504,76751,109.39,863,109.4,190,109.41,138,109.42,157,109.43,29,109.44,9,109.45,220,109.46,99,109.47,111,109.48,948,109.44
TL2409,,13:40:27.300#,109.25,109.45,109.11,112.86,105.24,21504,76751,109.39,863,109.4,190,109.41,138,109.42,158,109.43,29,109.44,9,109.45,220,109.46,99,109.47,111,109.48,948,109.44
TL2409,,13:40:27.800#,109.25,109.45,109.11,112.86,105.24,21505,76752,109.39,863,109.4,190,109.41,138,109.42,157,109.43,29,109.44,8,109.45,220,109.46,99,109.47,111,109.48,948,109.44
TL2409,,13:40:28.300#,109.25,109.45,109.11,112.86,105.24,21506,76753,109.39,864,109.4,190,109.41,138,109.42,158,109.43,29,109.44,7,109.45,220,109.46,99,109.47,111,109.48,948,109.44
TL2409,,13:40:28.800#,109.25,109.45,109.11,112.86,105.24,21506,76753,109.39,864,109.4,190,109.41,138,109.42,157,109.43,29,109.44,7,109.45,220,109.46,99,109.47,111,109.48,948,109.44
TL2409,,13:40:29.300#,109.25,109.45,109.11,112.86,105.24,21506,76753,109.39,864,109.4,190,109.41,138,109.42,158,109.43,29,109.44,7,109.45,220,109.46,99,109.47,111,109.48,948,109.44
TL2409,,13:40:29.800#,109.25,109.45,109.11,112.86,105.24,21506,76753,109.39,864,109.4,190,109.41,138,109.42,157,109.43,29,109.44,7,109.45,220,109.46,99,109.47,111,109.48,948,109.44
TL2409,,13:40:30.300#,109.25,109.45,109.11,112.86,105.24,21507,76754,109.39,864,109.4,190,109.41,138,109.42,158,109.43,29,109.44,6,109.45,220,109.46,99,109.47,111,109.48,948,109.44
TL2409,,13:40:30.800#,109.25,109.45,109.11,112.86,105.24,21507,76754,109.39,864,109.4,190,109.41,138,109.42,157,109.43,29,109.44,7,109.45,220,109.46,99,109.47,111,109.48,948,109.44
TL2409,,13:40:31.300#,109.25,109.45,109.11,112.86,105.24,21507,76754,109.39,864,109.4,190,109.41,138,109.42,158,109.43,29,109.44,7,109.45,220,109.46,99,109.47,111,109.48,948,109.44
TL2409,,13:40:31.800#,109.25,109.45,109.11,112.86,105.24,21508,76755,109.39,864,109.4,190,109.41,138,109.42,157,109.43,29,109.44,6,109.45,220,109.46,99,109.47,111,109.48,948,109.44
TL2409,,13:40:32.300#,109.25,109.45,109.11,112.86,105.24,21509,76756,109.39,864,109.4,190,109.41,138,109.42,158,109.43,29,109.44,5,109.45,220,109.46,99,109.47,111,109.48,948,109.44
TL2409,,13:40:32.800#,109.25,109.45,109.11,112.86,105.24,21510,76757,109.39,864,109.4,190,109.41,138,109.42,157,109.43,29,109.44,4,109.45,220,109.46,99,109.47,111,109.48,948,109.44
TL2409,,13:40:33.300#,109.25,109.45,109.11,112.86,105.24,21510,76757,109.39,864,109.4,190,109.41,138,109.42,158,109.43,29,109.44,4,109.45,220,109.46,99,109.47,111,109.48,948,109.44
TL2409,,13:40:33.800#,109.25,109.45,109.11,112.86,105.24,21510,76757,109.39,864,109.4,190,109.41,138,109.42,157,109.43,29,109.44,4,109.45,220,109.46,99,109.47,111,109.48,948,109.44
TL2409,,13:40:34.300#,109.25,109.45,109.11,112.86,105.24,21510,76757,109.39,864,109.4,190,109.41,138,109.42,158,109.43,29,109.44,4,109.45,220,109.46,99,109.47,111,109.48,948,109.44
TL2409,,13:40:34.800#,109.25,109.45,109.11,112.86,105.24,21510,76757,109.39,864,109.4,190,109.41,138,109.42,157,109.43,29,109.44,8,109.45,220,109.46,99,109.47,111,109.48,948,109.44
TL2409,,13:40:35.300#,109.25,109.45,109.11,112.86,105.24,21510,76757,109.39,864,109.4,190,109.41,138,109.42,158,109.43,29,109.44,9,109.45,220,109.46,99,109.47,111,109.48,948,109.44
TL2409,,13:40:35.800#,109.25,109.45,109.11,112.86,105.24,21511,76758,109.39,864,109.4,190,109.41,138,109.42,157,109.43,29,109.44,8,109.45,220,109.46,99,109.47,111,109.48,948,109.44
TL2409,,13:40:36.300#,109.25,109.45,109.11,112.86,105.24,21511,76758,109.39,854,109.4,190,109.41,138,109.42,158,109.43,29,109.44,8,109.45,220,109.46,99,109.47,111,109.48,948,109.44
TL2409,,13:40:36.800#,109.25,109.45,109.11,112.86,105.24,21511,76758,109.39,864,109.4,190,109.41,138,109.42,157,109.43,30,109.44,8,109.45,220,109.46,99,109.47,111,109.48,948,109.44
TL2409,,13:40:37.300#,109.25,109.45,109.11,112.86,105.24,21511,76758,109.39,864,109.4,190,109.41,138,109.42,158,109.43,31,109.44,9,109.45,220,109.46,99,109.47,111,109.48,948,109.44
TL2409,,13:40:37.800#,109.25,109.45,109.11,112.86,105.24,21512,76758,109.39,865,109.4,190,109.41,138,109.42,158,109.43,31,109.44,8,109.45,220,109.46,99,109.47,111,109.48,948,109.44
TL2409,,13:40:38.800#,109.25,109.45,109.11,112.86,105.24,21543,76767,109.4,190,109.41,128,109.42,158,109.43,8,109.44,1,109.45,220,109.46,89,109.47,111,109.48,948,109.49,265,109.44
TL2409,,13:40:39.300#,109.25,109.45,109.11,112.86,105.24,21547,76764,109.39,316,109.4,849,109.41,157,109.42,128,109.43,74,109.44,14,109.45,132,109.46,129,109.47,92,109.48,211,109.44
TL2409,,13:40:39.800#,109.25,109.45,109.11,112.86,105.24,21548,76764,109.39,865,109.4,190,109.41,128,109.42,168,109.43,16,109.44,14,109.45,230,109.46,89,109.47,111,109.48,948,109.44
TL2409,,13:40:40.300#,109.25,109.45,109.11,112.86,105.24,21548,76764,109.39,865,109.4,190,109.41,128,109.42,158,109.43,22,109.44,13,109.45,230,109.46,79,109.47,111,109.48,948,109.44
TL2409,,13:40:40.800#,109.25,109.45,109.11,112.86,105.24,21548,76764,109.39,865,109.4,190,109.41,128,109.42,168,109.43,22,109.44,13,109.45,231,109.46,79,109.47,111,109.48,948,109.44
TL2409,,13:40:41.300#,109.25,109.45,109.11,112.86,105.24,21548,76764,109.39,865,109.4,190,109.41,128,109.42,168,109.43,22,109.44,13,109.45,241,109.46,79,109.47,111,109.48,948,109.44
TL2409,,13:40:42.300#,109.25,109.45,109.11,112.86,105.24,21548,76764,109.39,865,109.4,190,109.41,128,109.42,168,109.43,22,109.44,12,109.45,241,109.46,79,109.47,111,109.48,948,109.44
TL2409,,13:40:42.800#,109.25,109.45,109.11,112.86,105.24,21549,76763,109.39,865,109.4,190,109.41,128,109.42,167,109.43,23,109.44,12,109.45,241,109.46,79,109.47,111,109.48,948,109.44
TL2409,,13:40:43.800#,109.25,109.45,109.11,112.86,105.24,21549,76763,109.39,865,109.4,190,109.41,128,109.42,167,109.43,28,109.44,12,109.45,241,109.46,79,109.47,111,109.48,948,109.44
TL2409,,13:40:44.300#,109.25,109.45,109.11,112.86,105.24,21549,76763,109.39,865,109.4,190,109.41,128,109.42,166,109.43,29,109.44,12,109.45,241,109.46,79,109.47,111,109.48,948,109.44
TL2409,,13:40:44.800#,109.25,109.45,109.11,112.86,105.24,21549,76763,109.39,865,109.4,190,109.41,128,109.42,167,109.43,29,109.44,10,109.45,241,109.46,79,109.47,111,109.48,948,109.44
TL2409,,13:40:45.300#,109.25,109.45,109.11,112.86,105.24,21559,76768,109.4,190,109.41,128,109.42,166,109.43,31,109.44,12,109.45,241,109.46,80,109.47,111,109.48,948,109.49,265,109.44
TL2409,,13:40:45.800#,109.25,109.45,109.11,112.86,105.24,21563,76767,109.4,849,109.41,136,109.42,148,109.43,97,109.44,9,109.45,132,109.46,110,109.47,102,109.48,172,109.49,814,109.44
TL2409,,13:40:46.300#,109.25,109.45,109.11,112.86,105.24,21563,76767,109.4,966,109.41,126,109.42,137,109.43,118,109.44,12,109.45,132,109.46,129,109.47,103,109.48,172,109.49,931,109.44
TL2409,,13:40:46.800#,109.25,109.45,109.11,112.86,105.24,21563,76767,109.4,966,109.41,126,109.42,137,109.43,128,109.44,13,109.45,132,109.46,129,109.47,103,109.48,172,109.49,931,109.44
TL2409,,13:40:47.800#,109.25,109.45,109.11,112.86,105.24,21563,76767,109.4,966,109.41,126,109.42,137,109.43,128,109.44,13,109.45,132,109.46,130,109.47,103,109.48,172,109.49,931,109.44
TL2409,,13:40:48.300#,109.25,109.45,109.11,112.86,105.24,21563,76767,109.4,966,109.41,126,109.42,138,109.43,127,109.44,13,109.45,132,109.46,131,109.47,102,109.48,172,109.49,931,109.44
TL2409,,13:40:48.800#,109.25,109.45,109.11,112.86,105.24,21563,76767,109.4,966,109.41,126,109.42,138,109.43,127,109.44,14,109.45,133,109.46,131,109.47,102,109.48,172,109.49,931,109.44
TL2409,,13:40:49.300#,109.25,109.45,109.11,112.86,105.24,21563,76767,109.4,966,109.41,126,109.42,138,109.43,128,109.44,14,109.45,133,109.46,131,109.47,102,109.48,172,109.49,931,109.44
TL2409,,13:40:49.800#,109.25,109.45,109.11,112.86,105.24,21563,76767,109.4,964,109.41,126,109.42,138,109.43,128,109.44,14,109.45,134,109.46,131,109.47,102,109.48,172,109.49,931,109.44
TL2409,,13:40:50.300#,109.25,109.45,109.11,112.86,105.24,21563,76767,109.4,964,109.41,126,109.42,138,109.43,128,109.44,15,109.45,133,109.46,131,109.47,102,109.48,172,109.49,931,109.44
TL2409,,13:40:53.300#,109.25,109.45,109.11,112.86,105.24,21563,76767,109.4,964,109.41,126,109.42,138,109.43,128,109.44,15,109.45,133,109.46,131,109.47,102,109.48,147,109.49,931,109.44
TL2409,,13:40:54.800#,109.25,109.45,109.11,112.86,105.24,21563,76767,109.4,964,109.41,126,109.42,138,109.43,128,109.44,15,109.45,133,109.46,131,109.47,102,109.48,147,109.49,906,109.44
TL2409,,13:40:58.300#,109.25,109.45,109.11,112.86,105.24,21563,76767,109.4,964,109.41,125,109.42,138,109.43,128,109.44,15,109.45,133,109.46,131,109.47,102,109.48,147,109.49,906,109.44
TL2409,,13:41:00.800#,109.25,109.45,109.11,112.86,105.24,21563,76767,109.4,964,109.41,125,109.42,138,109.43,128,109.44,15,109.45,134,109.46,131,109.47,102,109.48,147,109.49,906,109.44
TL2409,,13:41:01.300#,109.25,109.45,109.11,112.86,105.24,21564,76767,109.4,964,109.41,125,109.42,138,109.43,128,109.44,14,109.45,134,109.46,131,109.47,102,109.48,147,109.49,906,109.44
TL2409,,13:41:01.800#,109.25,109.45,109.11,112.86,105.24,21565,76767,109.4,964,109.41,125,109.42,139,109.43,128,109.44,13,109.45,134,109.46,131,109.47,102,109.48,147,109.49,906,109.44
TL2409,,13:41:02.300#,109.25,109.45,109.11,112.86,105.24,21565,76767,109.4,964,109.41,125,109.42,139,109.43,128,109.44,13,109.45,143,109.46,131,109.47,102,109.48,147,109.49,906,109.44
TL2409,,13:41:02.800#,109.25,109.45,109.11,112.86,105.24,21567,76769,109.4,964,109.41,125,109.42,139,109.43,128,109.44,12,109.45,134,109.46,131,109.47,102,109.48,147,109.49,906,109.44
TL2409,,13:41:06.800#,109.25,109.45,109.11,112.86,105.24,21568,76769,109.4,964,109.41,125,109.42,139,109.43,128,109.44,11,109.45,134,109.46,131,109.47,102,109.48,147,109.49,906,109.44
TL2409,,13:41:08.800#,109.25,109.45,109.11,112.86,105.24,21568,76769,109.4,964,109.41,125,109.42,139,109.43,128,109.44,11,109.45,135,109.46,131,109.47,102,109.48,147,109.49,906,109.44
TL2409,,13:41:11.800#,109.25,109.45,109.11,112.86,105.24,21569,76770,109.4,964,109.41,125,109.42,139,109.43,128,109.44,10,109.45,135,109.46,131,109.47,102,109.48,147,109.49,906,109.44
TL2409,,13:41:12.300#,109.25,109.45,109.11,112.86,105.24,21569,76770,109.4,964,109.41,125,109.42,139,109.43,128,109.44,10,109.45,134,109.46,131,109.47,102,109.48,147,109.49,906,109.44
TL2409,,13:41:12.800#,109.25,109.45,109.11,112.86,105.24,21582,76764,109.39,199,109.4,964,109.41,125,109.42,139,109.43,128,109.44,1,109.45,132,109.46,131,109.47,102,109.48,147,109.44
TL2409,,13:41:13.300#,109.25,109.45,109.11,112.86,105.24,21598,76763,109.39,826,109.4,227,109.41,107,109.42,188,109.43,31,109.44,10,109.45,230,109.46,81,109.47,121,109.48,884,109.44
TL2409,,13:41:14.800#,109.25,109.45,109.11,112.86,105.24,21602,76759,109.39,865,109.4,188,109.41,127,109.42,168,109.43,31,109.44,7,109.45,239,109.46,81,109.47,111,109.48,923,109.44
TL2409,,13:41:15.300#,109.25,109.45,109.11,112.86,105.24,21602,76759,109.39,865,109.4,188,109.41,127,109.42,168,109.43,31,109.44,8,109.45,239,109.46,81,109.47,111,109.48,923,109.44
TL2409,,13:41:15.800#,109.25,109.45,109.11,112.86,105.24,21602,76759,109.39,865,109.4,185,109.41,127,109.42,168,109.43,31,109.44,15,109.45,239,109.46,81,109.47,111,109.48,923,109.44
TL2409,,13:41:16.300#,109.25,109.45,109.11,112.86,105.24,21602,76759,109.39,865,109.4,185,109.41,127,109.42,168,109.43,32,109.44,16,109.45,239,109.46,81,109.47,111,109.48,923,109.44
TL2409,,13:41:17.800#,109.25,109.45,109.11,112.86,105.24,21602,76759,109.39,865,109.4,185,109.41,127,109.42,168,109.43,32,109.44,16,109.45,238,109.46,81,109.47,111,109.48,923,109.44
TL2409,,13:41:18.300#,109.25,109.45,109.11,112.86,105.24,21602,76759,109.39,865,109.4,185,109.41,127,109.42,168,109.43,32,109.44,17,109.45,238,109.46,81,109.47,111,109.48,923,109.44
TL2409,,13:41:20.300#,109.25,109.45,109.11,112.86,105.24,21611,76762,109.39,865,109.4,186,109.41,127,109.42,168,109.43,27,109.44,8,109.45,238,109.46,81,109.47,111,109.48,923,109.44
TL2409,,13:41:20.800#,109.25,109.45,109.11,112.86,105.24,21619,76765,109.4,186,109.41,127,109.42,167,109.43,26,109.44,7,109.45,238,109.46,81,109.47,111,109.48,923,109.49,240,109.44
TL2409,,13:41:21.300#,109.25,109.45,109.11,112.86,105.24,21629,76763,109.39,238,109.4,806,109.41,145,109.42,130,109.43,93,109.44,4,109.45,129,109.46,121,109.47,92,109.48,186,109.44
TL2409,,13:41:21.800#,109.25,109.45,109.11,112.86,105.24,21629,76763,109.39,748,109.4,186,109.41,127,109.42,159,109.43,30,109.44,11,109.45,228,109.46,92,109.47,111,109.48,806,109.44
TL2409,,13:41:22.300#,109.25,109.45,109.11,112.86,105.24,21629,76763,109.39,865,109.4,186,109.41,127,109.42,157,109.43,25,109.44,11,109.45,228,109.46,82,109.47,111,109.48,923,109.44
TL2409,,13:41:22.800#,109.25,109.45,109.11,112.86,105.24,21632,76763,109.39,865,109.4,186,109.41,127,109.42,167,109.43,26,109.44,8,109.45,228,109.46,82,109.47,111,109.48,923,109.44
TL2409,,13:41:23.300#,109.25,109.45,109.11,112.86,105.24,21643,76770,109.39,865,109.4,186,109.41,127,109.42,168,109.43,22,109.44,9,109.45,238,109.46,82,109.47,111,109.48,923,109.44
TL2409,,13:41:23.800#,109.25,109.45,109.11,112.86,105.24,21644,76770,109.39,865,109.4,186,109.41,127,109.42,168,109.43,21,109.44,10,109.45,238,109.46,82,109.47,111,109.48,923,109.44
TL2409,,13:41:24.300#,109.25,109.45,109.11,112.86,105.24,21644,76770,109.39,865,109.4,186,109.41,127,109.42,168,109.43,22,109.44,11,109.45,238,109.46,82,109.47,111,109.48,923,109.44
TL2409,,13:41:25.800#,109.25,109.45,109.11,112.86,105.24,21645,76770,109.39,865,109.4,186,109.41,127,109.42,168,109.43,22,109.44,10,109.45,238,109.46,82,109.47,111,109.48,923,109.44
TL2409,,13:41:27.800#,109.25,109.45,109.11,112.86,105.24,21646,76769,109.39,865,109.4,186,109.41,127,109.42,168,109.43,21,109.44,10,109.45,238,109.46,82,109.47,111,109.48,923,109.43
TL2409,,13:41:28.300#,109.25,109.45,109.11,112.86,105.24,21646,76769,109.39,865,109.4,176,109.41,127,109.42,168,109.43,21,109.44,12,109.45,238,109.46,82,109.47,111,109.48,933,109.43
TL2409,,13:41:28.800#,109.25,109.45,109.11,112.86,105.24,21646,76769,109.39,875,109.4,176,109.41,127,109.42,168,109.43,21,109.44,12,109.45,238,109.46,82,109.47,111,109.48,933,109.43
TL2409,,13:41:29.800#,109.25,109.45,109.11,112.86,105.24,21646,76769,109.39,875,109.4,176,109.41,127,109.42,168,109.43,23,109.44,12,109.45,238,109.46,82,109.47,111,109.48,933,109.43
TL2409,,13:41:30.300#,109.25,109.45,109.11,112.86,105.24,21646,76769,109.39,875,109.4,176,109.41,127,109.42,168,109.43,23,109.44,32,109.45,238,109.46,82,109.47,111,109.48,933,109.43
TL2409,,13:41:30.800#,109.25,109.45,109.11,112.86,105.24,21646,76769,109.39,865,109.4,176,109.41,127,109.42,168,109.43,23,109.44,33,109.45,238,109.46,82,109.47,111,109.48,943,109.43
TL2409,,13:41:31.300#,109.25,109.45,109.11,112.86,105.24,21646,76769,109.39,865,109.4,176,109.41,127,109.42,167,109.43,24,109.44,33,109.45,237,109.46,82,109.47,111,109.48,943,109.43
TL2409,,13:41:31.800#,109.25,109.45,109.11,112.86,105.24,21646,76769,109.39,865,109.4,176,109.41,127,109.42,168,109.43,24,109.44,35,109.45,236,109.46,81,109.47,111,109.48,943,109.43
TL2409,,13:41:32.300#,109.25,109.45,109.11,112.86,105.24,21646,76769,109.39,865,109.4,176,109.41,127,109.42,167,109.43,24,109.44,35,109.45,236,109.46,81,109.47,112,109.48,943,109.43
TL2409,,13:41:32.800#,109.25,109.45,109.11,112.86,105.24,21646,76769,109.39,865,109.4,176,109.41,127,109.42,168,109.43,24,109.44,35,109.45,236,109.46,80,109.47,112,109.48,943,109.43
TL2409,,13:41:33.300#,109.25,109.45,109.11,112.86,105.24,21649,76767,109.39,865,109.4,176,109.41,127,109.42,167,109.43,21,109.44,35,109.45,236,109.46,80,109.47,112,109.48,943,109.43
TL2409,,13:41:33.800#,109.25,109.45,109.11,112.86,105.24,21649,76767,109.39,865,109.4,176,109.41,127,109.42,167,109.43,20,109.44,35,109.45,236,109.46,80,109.47,112,109.48,943,109.43
TL2409,,13:41:34.300#,109.25,109.45,109.11,112.86,105.24,21650,76766,109.39,865,109.4,176,109.41,127,109.42,168,109.43,20,109.44,34,109.45,236,109.46,80,109.47,112,109.48,943,109.44
TL2409,,13:41:34.800#,109.25,109.45,109.11,112.86,105.24,21651,76767,109.39,855,109.4,186,109.41,127,109.42,168,109.43,19,109.44,34,109.45,236,109.46,80,109.47,112,109.48,933,109.43
TL2409,,13:41:35.300#,109.25,109.45,109.11,112.86,105.24,21651,76767,109.39,855,109.4,176,109.41,127,109.42,168,109.43,19,109.44,34,109.45,236,109.46,80,109.47,112,109.48,943,109.43
TL2409,,13:41:35.800#,109.25,109.45,109.11,112.86,105.24,21651,76767,109.39,865,109.4,176,109.41,127,109.42,168,109.43,20,109.44,34,109.45,236,109.46,80,109.47,112,109.48,943,109.43
TL2409,,13:41:38.300#,109.25,109.45,109.11,112.86,105.24,21651,76767,109.39,865,109.4,176,109.41,127,109.42,168,109.43,20,109.44,45,109.45,236,109.46,80,109.47,112,109.48,943,109.43
TL2409,,13:41:40.300#,109.25,109.45,109.11,112.86,105.24,21651,76767,109.39,865,109.4,176,109.41,127,109.42,168,109.43,21,109.44,45,109.45,236,109.46,80,109.47,112,109.48,943,109.43
TL2409,,13:41:40.800#,109.25,109.45,109.11,112.86,105.24,21651,76767,109.39,865,109.4,176,109.41,127,109.42,168,109.43,21,109.44,46,109.45,236,109.46,80,109.47,112,109.48,943,109.43
TL2409,,13:41:41.800#,109.25,109.45,109.11,112.86,105.24,21651,76767,109.39,865,109.4,176,109.41,127,109.42,168,109.43,22,109.44,46,109.45,236,109.46,80,109.47,112,109.48,943,109.43
TL2409,,13:41:42.800#,109.25,109.45,109.11,112.86,105.24,21651,76767,109.39,865,109.4,176,109.41,127,109.42,168,109.43,22,109.44,45,109.45,236,109.46,80,109.47,112,109.48,943,109.43
TL2409,,13:41:43.300#,109.25,109.45,109.11,112.86,105.24,21696,76790,109.4,176,109.41,127,109.42,168,109.43,21,109.44,6,109.45,236,109.46,80,109.47,112,109.48,943,109.49,221,109.44
TL2409,,13:41:43.800#,109.25,109.45,109.11,112.86,105.24,21699,76790,109.4,962,109.41,145,109.42,130,109.43,90,109.44,5,109.45,127,109.46,110,109.47,103,109.48,147,109.49,897,109.44
TL2409,,13:41:44.300#,109.25,109.45,109.11,112.86,105.24,21701,76790,109.4,962,109.41,135,109.42,119,109.43,111,109.44,3,109.45,127,109.46,129,109.47,104,109.48,147,109.49,907,109.44
TL2409,,13:41:44.800#,109.25,109.45,109.11,112.86,105.24,21705,76787,109.39,199,109.4,962,109.41,135,109.42,119,109.43,120,109.45,127,109.46,129,109.47,104,109.48,147,109.49,907,109.44
TL2409,,13:41:45.300#,109.25,109.45,109.11,112.86,105.24,21705,76787,109.4,225,109.41,106,109.42,180,109.43,36,109.44,5,109.45,138,109.46,119,109.47,103,109.48,264,109.49,790,109.44
TL2409,,13:41:45.800#,109.25,109.45,109.11,112.86,105.24,21705,76787,109.4,962,109.41,125,109.42,141,109.43,94,109.44,6,109.45,127,109.46,130,109.47,103,109.48,147,109.49,907,109.44
TL2409,,13:41:46.300#,109.25,109.45,109.11,112.86,105.24,21705,76787,109.4,962,109.41,125,109.42,131,109.43,114,109.44,11,109.45,127,109.46,130,109.47,103,109.48,147,109.49,907,109.44
TL2409,,13:41:46.800#,109.25,109.45,109.11,112.86,105.24,21705,76787,109.4,962,109.41,125,109.42,131,109.43,124,109.44,12,109.45,128,109.46,130,109.47,103,109.48,147,109.49,907,109.44
TL2409,,13:41:48.300#,109.25,109.45,109.11,112.86,105.24,21705,76787,109.4,962,109.41,125,109.42,131,109.43,126,109.44,12,109.45,128,109.46,130,109.47,103,109.48,147,109.49,907,109.44
TL2409,,13:41:49.300#,109.25,109.45,109.11,112.86,105.24,21705,76787,109.4,962,109.41,125,109.42,131,109.43,126,109.44,13,109.45,128,109.46,130,109.47,103,109.48,147,109.49,907,109.44
TL2409,,13:41:49.800#,109.25,109.45,109.11,112.86,105.24,21705,76787,109.4,962,109.41,125,109.42,131,109.43,126,109.44,16,109.45,128,109.46,130,109.47,103,109.48,147,109.49,907,109.44
TL2409,,13:41:50.800#,109.25,109.45,109.11,112.86,105.24,21705,76787,109.4,962,109.41,125,109.42,131,109.43,124,109.44,18,109.45,128,109.46,130,109.47,103,109.48,147,109.49,907,109.44
TL2409,,13:41:52.300#,109.25,109.45,109.11,112.86,105.24,21705,76787,109.4,962,109.41,125,109.42,131,109.43,124,109.44,19,109.45,128,109.46,130,109.47,103,109.48,147,109.49,907,109.44
TL2409,,13:41:54.300#,109.25,109.45,109.11,112.86,105.24,21705,76787,109.4,962,109.41,125,109.42,131,109.43,124,109.44,24,109.45,128,109.46,130,109.47,103,109.48,147,109.49,907,109.44
TL2409,,13:41:54.800#,109.25,109.45,109.11,112.86,105.24,21705,76787,109.4,962,109.41,125,109.42,131,109.43,126,109.44,22,109.45,128,109.46,130,109.47,103,109.48,147,109.49,907,109.44
TL2409,,13:41:56.300#,109.25,109.45,109.11,112.86,105.24,21705,76787,109.4,962,109.41,125,109.42,131,109.43,126,109.44,22,109.45,138,109.46,130,109.47,103,109.48,147,109.49,907,109.44
TL2409,,13:41:56.800#,109.25,109.45,109.11,112.86,105.24,21705,76787,109.4,962,109.41,125,109.42,131,109.43,126,109.44,19,109.45,138,109.46,130,109.47,103,109.48,147,109.49,907,109.44
TL2409,,13:41:57.800#,109.25,109.45,109.11,112.86,105.24,21705,76787,109.4,962,109.41,125,109.42,130,109.43,126,109.44,19,109.45,138,109.46,130,109.47,103,109.48,147,109.49,907,109.44
TL2409,,13:41:58.300#,109.25,109.45,109.11,112.86,105.24,21705,76787,109.4,962,109.41,125,109.42,130,109.43,127,109.44,19,109.45,138,109.46,130,109.47,103,109.48,147,109.49,907,109.44
TL2409,,13:41:59.300#,109.25,109.45,109.11,112.86,105.24,21724,76772,109.39,199,109.4,962,109.41,125,109.42,130,109.43,127,109.44,3,109.45,137,109.46,130,109.47,103,109.48,147,109.44
TL2409,,13:41:59.800#,109.25,109.45,109.11,112.86,105.24,21730,76774,109.4,186,109.41,128,109.42,168,109.43,31,109.44,14,109.45,236,109.46,91,109.47,112,109.48,923,109.49,241,109.44
TL2409,,13:42:00.300#,109.25,109.45,109.11,112.86,105.24,21730,76774,109.4,923,109.41,146,109.42,130,109.43,94,109.44,15,109.45,138,109.46,130,109.47,93,109.48,186,109.49,868,109.44
TL2409,,13:42:00.800#,109.25,109.45,109.11,112.86,105.24,21760,76780,109.4,962,109.41,136,109.42,129,109.43,115,109.44,14,109.45,107,109.46,129,109.47,104,109.48,147,109.49,907,109.45
TL2409,,13:42:01.300#,109.25,109.45,109.11,112.86,105.24,21760,76780,109.4,952,109.41,146,109.42,129,109.43,126,109.44,19,109.45,107,109.46,119,109.47,104,109.48,147,109.49,897,109.45
TL2409,,13:42:01.800#,109.25,109.45,109.11,112.86,105.24,21760,76780,109.4,952,109.41,146,109.42,129,109.43,126,109.44,19,109.45,108,109.46,119,109.47,114,109.48,147,109.49,897,109.45
TL2409,,13:42:02.300#,109.25,109.45,109.11,112.86,105.24,21779,76776,109.39,199,109.4,952,109.41,146,109.42,129,109.43,126,109.44,12,109.45,108,109.46,119,109.47,114,109.48,147,109.44
TL2409,,13:42:02.800#,109.25,109.45,109.11,112.86,105.24,21779,76776,109.39,865,109.4,176,109.41,128,109.42,168,109.43,28,109.44,15,109.45,207,109.46,90,109.47,112,109.48,923,109.44
TL2409,,13:42:03.300#,109.25,109.45,109.11,112.86,105.24,21779,76776,109.39,865,109.4,186,109.41,128,109.42,156,109.43,28,109.44,15,109.45,197,109.46,90,109.47,112,109.48,923,109.44
TL2409,,13:42:03.800#,109.25,109.45,109.11,112.86,105.24,21779,76776,109.39,865,109.4,186,109.41,138,109.42,167,109.43,28,109.44,15,109.45,207,109.46,90,109.47,112,109.48,923,109.44
TL2409,,13:42:04.300#,109.25,109.45,109.11,112.86,105.24,21780,76775,109.39,865,109.4,186,109.41,138,109.42,166,109.43,28,109.44,14,109.45,207,109.46,90,109.47,112,109.48,923,109.44
TL2409,,13:42:04.800#,109.25,109.45,109.11,112.86,105.24,21780,76775,109.39,865,109.4,186,109.41,138,109.42,167,109.43,28,109.44,14,109.45,207,109.46,90,109.47,112,109.48,923,109.44
TL2409,,13:42:05.300#,109.25,109.45,109.11,112.86,105.24,21780,76775,109.39,865,109.4,186,109.41,138,109.42,166,109.43,30,109.44,14,109.45,207,109.46,90,109.47,112,109.48,923,109.44
TL2409,,13:42:05.800#,109.25,109.45,109.11,112.86,105.24,21780,76775,109.39,865,109.4,186,109.41,138,109.42,167,109.43,30,109.44,14,109.45,208,109.46,90,109.47,112,109.48,923,109.44
TL2409,,13:42:06.800#,109.25,109.45,109.11,112.86,105.24,21780,76775,109.39,865,109.4,186,109.41,138,109.42,167,109.43,30,109.44,16,109.45,208,109.46,90,109.47,112,109.48,923,109.44
TL2409,,13:42:07.300#,109.25,109.45,109.11,112.86,105.24,21780,76775,109.39,865,109.4,186,109.41,138,109.42,168,109.43,30,109.44,16,109.45,208,109.46,90,109.47,112,109.48,923,109.44
TL2409,,13:42:07.800#,109.25,109.45,109.11,112.86,105.24,21780,76775,109.39,865,109.4,186,109.41,138,109.42,167,109.43,30,109.44,16,109.45,208,109.46,90,109.47,112,109.48,923,109.44
TL2409,,13:42:08.300#,109.25,109.45,109.11,112.86,105.24,21780,76775,109.39,865,109.4,186,109.41,138,109.42,168,109.43,30,109.44,16,109.45,208,109.46,90,109.47,112,109.48,923,109.44
TL2409,,13:42:08.800#,109.25,109.45,109.11,112.86,105.24,21780,76775,109.39,865,109.4,186,109.41,138,109.42,167,109.43,30,109.44,16,109.45,208,109.46,90,109.47,112,109.48,923,109.44
TL2409,,13:42:09.300#,109.25,109.45,109.11,112.86,105.24,21780,76775,109.39,865,109.4,186,109.41,138,109.42,168,109.43,30,109.44,16,109.45,208,109.46,90,109.47,112,109.48,923,109.44
TL2409,,13:42:09.800#,109.25,109.45,109.11,112.86,105.24,21780,76775,109.39,865,109.4,186,109.41,138,109.42,167,109.43,30,109.44,16,109.45,208,109.46,90,109.47,112,109.48,923,109.44
TL2409,,13:42:10.300#,109.25,109.45,109.11,112.86,105.24,21780,76775,109.39,865,109.4,186,109.41,138,109.42,168,109.43,30,109.44,16,109.45,208,109.46,90,109.47,112,109.48,923,109.44
TL2409,,13:42:10.800#,109.25,109.45,109.11,112.86,105.24,21780,76775,109.39,865,109.4,186,109.41,138,109.42,167,109.43,30,109.44,16,109.45,208,109.46,90,109.47,112,109.48,923,109.44
TL2409,,13:42:12.300#,109.25,109.45,109.11,112.86,105.24,21780,76775,109.39,865,109.4,186,109.41,138,109.42,168,109.43,30,109.44,16,109.45,208,109.46,90,109.47,112,109.48,923,109.44
TL2409,,13:42:12.800#,109.25,109.45,109.11,112.86,105.24,21780,76775,109.39,865,109.4,186,109.41,138,109.42,167,109.43,30,109.44,16,109.45,208,109.46,90,109.47,112,109.48,923,109.44
TL2409,,13:42:13.300#,109.25,109.45,109.11,112.86,105.24,21780,76775,109.39,865,109.4,186,109.41,138,109.42,168,109.43,30,109.44,16,109.45,208,109.46,90,109.47,112,109.48,923,109.44
TL2409,,13:42:13.800#,109.25,109.45,109.11,112.86,105.24,21780,76775,109.39,865,109.4,186,109.41,138,109.42,167,109.43,30,109.44,16,109.45,208,109.46,90,109.47,112,109.48,923,109.44
TL2409,,13:42:14.300#,109.25,109.45,109.11,112.86,105.24,21780,76775,109.39,865,109.4,186,109.41,138,109.42,168,109.43,30,109.44,16,109.45,208,109.46,90,109.47,112,109.48,923,109.44
TL2409,,13:42:15.300#,109.25,109.45,109.11,112.86,105.24,21780,76775,109.39,865,109.4,186,109.41,138,109.42,168,109.43,31,109.44,16,109.45,208,109.46,91,109.47,112,109.48,923,109.44
TL2409,,13:42:16.800#,109.25,109.45,109.11,112.86,105.24,21812,76771,109.38,196,109.39,865,109.4,186,109.41,148,109.42,158,109.43,1,109.44,20,109.45,198,109.46,101,109.47,112,109.43
TL2409,,13:42:17.300#,109.25,109.45,109.11,112.86,105.24,21816,76771,109.39,118,109.4,90,109.41,175,109.42,69,109.43,13,109.44,71,109.45,179,109.46,121,109.47,849,109.48,394,109.43
TL2409,,13:42:17.800#,109.25,109.45,109.11,112.86,105.24,21816,76771,109.39,865,109.4,98,109.41,157,109.42,138,109.43,14,109.44,20,109.45,209,109.46,92,109.47,112,109.48,1021,109.43
TL2409,,13:42:18.800#,109.25,109.45,109.11,112.86,105.24,21816,76771,109.39,865,109.4,98,109.41,147,109.42,148,109.43,14,109.44,20,109.45,189,109.46,102,109.47,112,109.48,1021,109.43
TL2409,,13:42:19.300#,109.25,109.45,109.11,112.86,105.24,21816,76771,109.39,865,109.4,98,109.41,147,109.42,158,109.43,14,109.44,20,109.45,199,109.46,102,109.47,112,109.48,1021,109.43
TL2409,,13:42:19.800#,109.25,109.45,109.11,112.86,105.24,21818,76769,109.39,865,109.4,98,109.41,147,109.42,158,109.43,12,109.44,20,109.45,199,109.46,102,109.47,112,109.48,1021,109.43
TL2409,,13:42:20.300#,109.25,109.45,109.11,112.86,105.24,21818,76769,109.39,865,109.4,98,109.41,147,109.42,158,109.43,15,109.44,21,109.45,199,109.46,102,109.47,112,109.48,1021,109.43
TL2409,,13:42:20.800#,109.25,109.45,109.11,112.86,105.24,21818,76769,109.39,865,109.4,98,109.41,147,109.42,158,109.43,15,109.44,23,109.45,199,109.46,102,109.47,112,109.48,1021,109.43
TL2409,,13:42:23.300#,109.25,109.45,109.11,112.86,105.24,21818,76769,109.39,865,109.4,98,109.41,147,109.42,158,109.43,17,109.44,21,109.45,199,109.46,102,109.47,112,109.48,1021,109.43
TL2409,,13:42:23.800#,109.25,109.45,109.11,112.86,105.24,21818,76769,109.39,865,109.4,98,109.41,147,109.42,158,109.43,21,109.44,21,109.45,201,109.46,102,109.47,112,109.48,1021,109.43
TL2409,,13:42:24.300#,109.25,109.45,109.11,112.86,105.24,21818,76769,109.39,875,109.4,98,109.41,147,109.42,157,109.43,23,109.44,21,109.45,201,109.46,102,109.47,112,109.48,1011,109.43
TL2409,,13:42:24.800#,109.25,109.45,109.11,112.86,105.24,21818,76769,109.39,875,109.4,98,109.41,147,109.42,158,109.43,23,109.44,21,109.45,202,109.46,102,109.47,112,109.48,1011,109.43
TL2409,,13:42:25.300#,109.25,109.45,109.11,112.86,105.24,21818,76769,109.39,874,109.4,98,109.41,148,109.42,157,109.43,23,109.44,22,109.45,202,109.46,102,109.47,112,109.48,1011,109.43
TL2409,,13:42:25.800#,109.25,109.45,109.11,112.86,105.24,21818,76769,109.39,874,109.4,98,109.41,148,109.42,158,109.43,23,109.44,22,109.45,202,109.46,102,109.47,112,109.48,1011,109.43
TL2409,,13:42:26.300#,109.25,109.45,109.11,112.86,105.24,21818,76769,109.39,874,109.4,98,109.41,148,109.42,157,109.43,23,109.44,22,109.45,202,109.46,102,109.47,112,109.48,1011,109.43
TL2409,,13:42:26.800#,109.25,109.45,109.11,112.86,105.24,21818,76769,109.39,874,109.4,98,109.41,148,109.42,158,109.43,23,109.44,22,109.45,202,109.46,102,109.47,112,109.48,1011,109.43
TL2409,,13:42:30.300#,109.25,109.45,109.11,112.86,105.24,21818,76769,109.39,874,109.4,98,109.41,147,109.42,157,109.43,23,109.44,22,109.45,204,109.46,101,109.47,112,109.48,1011,109.43
TL2409,,13:42:30.800#,109.25,109.45,109.11,112.86,105.24,21841,76763,109.38,274,109.39,874,109.4,98,109.41,147,109.42,158,109.43,3,109.44,21,109.45,204,109.46,101,109.47,112,109.43
TL2409,,13:42:31.300#,109.25,109.45,109.11,112.86,105.24,21844,76762,109.38,901,109.39,127,109.4,80,109.41,165,109.42,78,109.44,62,109.45,184,109.46,120,109.47,839,109.48,394,109.43
TL2409,,13:42:31.800#,109.25,109.45,109.11,112.86,105.24,21845,76761,109.38,901,109.39,127,109.4,89,109.41,166,109.42,78,109.44,32,109.45,203,109.46,96,109.47,229,109.48,904,109.44
TL2409,,13:42:32.300#,109.25,109.45,109.11,112.86,105.24,21845,76761,109.38,940,109.39,78,109.4,109,109.41,166,109.42,78,109.44,32,109.45,193,109.46,96,109.47,229,109.48,894,109.44
TL2409,,13:42:32.800#,109.25,109.45,109.11,112.86,105.24,21845,76761,109.38,940,109.39,78,109.4,109,109.41,167,109.42,78,109.44,32,109.45,193,109.46,106,109.47,229,109.48,894,109.44
TL2409,,13:42:33.800#,109.25,109.45,109.11,112.86,105.24,21845,76761,109.38,940,109.39,78,109.4,109,109.41,167,109.42,79,109.44,32,109.45,193,109.46,106,109.47,229,109.48,894,109.44
TL2409,,13:42:34.300#,109.25,109.45,109.11,112.86,105.24,21845,76761,109.38,940,109.39,78,109.4,109,109.41,167,109.42,80,109.44,33,109.45,193,109.46,106,109.47,229,109.48,894,109.44
TL2409,,13:42:35.800#,109.25,109.45,109.11,112.86,105.24,21845,76761,109.39,78,109.4,109,109.41,167,109.42,79,109.43,5,109.44,33,109.45,193,109.46,106,109.47,229,109.48,894,109.44
TL2409,,13:42:36.300#,109.25,109.45,109.11,112.86,105.24,21845,76761,109.39,815,109.4,118,109.41,149,109.42,136,109.43,7,109.44,24,109.45,204,109.46,106,109.47,112,109.48,1011,109.44
TL2409,,13:42:36.800#,109.25,109.45,109.11,112.86,105.24,21846,76761,109.39,815,109.4,118,109.41,139,109.42,156,109.43,12,109.44,22,109.45,204,109.46,106,109.47,112,109.48,1011,109.43
TL2409,,13:42:37.300#,109.25,109.45,109.11,112.86,105.24,21846,76761,109.39,854,109.4,98,109.41,149,109.42,146,109.43,12,109.44,22,109.45,194,109.46,106,109.47,112,109.48,1021,109.43
TL2409,,13:42:37.800#,109.25,109.45,109.11,112.86,105.24,21847,76762,109.39,864,109.4,98,109.41,149,109.42,156,109.43,11,109.44,22,109.45,204,109.46,106,109.47,112,109.48,1021,109.43
TL2409,,13:42:39.800#,109.25,109.45,109.11,112.86,105.24,21847,76762,109.39,864,109.4,98,109.41,149,109.42,156,109.43,11,109.44,23,109.45,204,109.46,106,109.47,112,109.48,1021,109.43
TL2409,,13:42:40.300#,109.25,109.45,109.11,112.86,105.24,21848,76763,109.39,864,109.4,98,109.41,149,109.42,156,109.43,11,109.44,23,109.45,204,109.46,106,109.47,112,109.48,1021,109.43
TL2409,,13:42:42.800#,109.25,109.45,109.11,112.86,105.24,21848,76763,109.39,864,109.4,98,109.41,149,109.42,156,109.43,11,109.44,23,109.45,226,109.46,106,109.47,112,109.48,1021,109.43
TL2409,,13:42:43.300#,109.25,109.45,109.11,112.86,105.24,21848,76763,109.39,864,109.4,98,109.41,149,109.42,156,109.43,11,109.44,23,109.45,236,109.46,96,109.47,112,109.48,1021,109.43
TL2409,,13:42:44.800#,109.25,109.45,109.11,112.86,105.24,21857,76763,109.39,864,109.4,98,109.41,149,109.42,156,109.43,2,109.44,22,109.45,236,109.46,96,109.47,112,109.48,1021,109.43
TL2409,,13:42:45.300#,109.25,109.45,109.11,112.86,105.24,21859,76763,109.38,362,109.39,786,109.4,109,109.41,137,109.42,156,109.44,26,109.45,236,109.46,96,109.47,112,109.48,1021,109.43
TL2409,,13:42:45.800#,109.25,109.45,109.11,112.86,105.24,21859,76763,109.38,901,109.39,127,109.4,89,109.41,177,109.42,77,109.44,37,109.45,225,109.46,96,109.47,229,109.48,904,109.43
TL2409,,13:42:46.300#,109.25,109.45,109.11,112.86,105.24,21859,76763,109.38,940,109.39,88,109.4,100,109.41,166,109.42,77,109.43,1,109.44,36,109.45,225,109.46,96,109.47,229,109.43
TL2409,,13:42:46.800#,109.25,109.45,109.11,112.86,105.24,21860,76763,109.38,950,109.39,88,109.4,100,109.41,156,109.42,67,109.44,77,109.45,226,109.46,105,109.47,849,109.48,394,109.43
TL2409,,13:42:47.300#,109.25,109.45,109.11,112.86,105.24,21860,76763,109.38,940,109.39,88,109.4,110,109.41,156,109.42,77,109.44,36,109.45,235,109.46,86,109.47,268,109.48,865,109.43
TL2409,,13:42:47.800#,109.25,109.45,109.11,112.86,105.24,21860,76763,109.38,940,109.39,88,109.4,109,109.41,156,109.42,78,109.44,37,109.45,213,109.46,86,109.47,268,109.48,865,109.43
TL2409,,13:42:48.300#,109.25,109.45,109.11,112.86,105.24,21860,76763,109.38,940,109.39,88,109.4,99,109.41,166,109.42,79,109.44,38,109.45,203,109.46,96,109.47,229,109.48,904,109.43
TL2409,,13:42:48.800#,109.25,109.45,109.11,112.86,105.24,21860,76763,109.38,940,109.39,88,109.4,99,109.41,166,109.42,79,109.44,39,109.45,193,109.46,96,109.47,229,109.48,904,109.43
TL2409,,13:42:49.300#,109.25,109.45,109.11,112.86,105.24,21860,76763,109.38,940,109.39,88,109.4,99,109.41,166,109.42,79,109.44,39,109.45,214,109.46,106,109.47,229,109.48,904,109.43
TL2409,,13:42:49.800#,109.25,109.45,109.11,112.86,105.24,21860,76763,109.38,940,109.39,88,109.4,99,109.41,166,109.42,79,109.44,39,109.45,224,109.46,96,109.47,229,109.48,904,109.43
TL2409,,13:42:50.800#,109.25,109.45,109.11,112.86,105.24,21860,76763,109.38,940,109.39,88,109.4,99,109.41,166,109.42,79,109.44,41,109.45,224,109.46,96,109.47,229,109.48,904,109.43
TL2409,,13:42:51.800#,109.25,109.45,109.11,112.86,105.24,21860,76763,109.38,940,109.39,88,109.4,99,109.41,166,109.42,79,109.43,2,109.44,41,109.45,224,109.46,96,109.47,229,109.43
TL2409,,13:42:52.300#,109.25,109.45,109.11,112.86,105.24,21863,76764,109.38,950,109.39,88,109.4,99,109.41,167,109.42,66,109.43,1,109.44,90,109.45,225,109.46,105,109.47,849,109.42
TL2409,,13:42:52.800#,109.25,109.45,109.11,112.86,105.24,21863,76764,109.38,950,109.39,78,109.4,99,109.41,156,109.42,65,109.43,7,109.44,100,109.45,205,109.46,105,109.47,859,109.42
TL2409,,13:42:53.300#,109.25,109.45,109.11,112.86,105.24,21863,76764,109.38,960,109.39,78,109.4,109,109.41,156,109.42,65,109.43,8,109.44,110,109.45,215,109.46,95,109.47,898,109.42
TL2409,,13:42:53.800#,109.25,109.45,109.11,112.86,105.24,21863,76764,109.38,960,109.39,78,109.4,109,109.41,156,109.42,65,109.43,8,109.44,109,109.45,215,109.46,95,109.47,898,109.42
TL2409,,13:42:55.800#,109.25,109.45,109.11,112.86,105.24,21863,76764,109.38,960,109.39,78,109.4,109,109.41,156,109.42,65,109.43,8,109.44,109,109.45,194,109.46,95,109.47,898,109.42
TL2409,,13:42:57.800#,109.25,109.45,109.11,112.86,105.24,21863,76764,109.38,960,109.39,78,109.4,109,109.41,156,109.42,65,109.43,8,109.44,109,109.45,193,109.46,95,109.47,898,109.42
TL2409,,13:42:58.800#,109.25,109.45,109.11,112.86,105.24,21863,76764,109.38,960,109.39,78,109.4,109,109.41,156,109.42,65,109.43,8,109.44,120,109.45,193,109.46,95,109.47,898,109.42
TL2409,,13:42:59.300#,109.25,109.45,109.11,112.86,105.24,21863,76764,109.38,960,109.39,78,109.4,109,109.41,156,109.42,65,109.43,8,109.44,119,109.45,193,109.46,95,109.47,898,109.42
TL2409,,13:43:00.800#,109.25,109.45,109.11,112.86,105.24,21863,76764,109.38,960,109.39,78,109.4,112,109.41,157,109.42,65,109.43,8,109.44,119,109.45,193,109.46,95,109.47,898,109.42
TL2409,,13:43:01.300#,109.25,109.45,109.11,112.86,105.24,21863,76764,109.38,960,109.39,78,109.4,114,109.41,157,109.42,65,109.43,8,109.44,119,109.45,193,109.46,95,109.47,898,109.42
TL2409,,13:43:01.800#,109.25,109.45,109.11,112.86,105.24,21871,76772,109.38,960,109.39,78,109.4,114,109.41,157,109.42,57,109.43,8,109.44,119,109.45,193,109.46,95,109.47,898,109.42
TL2409,,13:43:02.300#,109.25,109.45,109.11,112.86,105.24,21871,76772,109.38,960,109.39,78,109.4,114,109.41,157,109.42,57,109.43,8,109.44,119,109.45,214,109.46,95,109.47,898,109.42
TL2409,,13:43:02.800#,109.25,109.45,109.11,112.86,105.24,21871,76772,109.38,960,109.39,78,109.4,114,109.41,158,109.42,57,109.43,12,109.44,119,109.45,214,109.46,95,109.47,898,109.42
TL2409,,13:43:05.300#,109.25,109.45,109.11,112.86,105.24,21871,76772,109.38,960,109.39,78,109.4,114,109.41,158,109.42,58,109.43,14,109.44,119,109.45,214,109.46,95,109.47,898,109.42
TL2409,,13:43:05.800#,109.25,109.45,109.11,112.86,105.24,21871,76772,109.38,960,109.39,78,109.4,114,109.41,158,109.42,58,109.43,14,109.44,119,109.45,203,109.46,95,109.47,898,109.42
TL2409,,13:43:07.800#,109.25,109.45,109.11,112.86,105.24,21872,76773,109.38,960,109.39,78,109.4,114,109.41,158,109.42,57,109.43,13,109.44,119,109.45,203,109.46,95,109.47,898,109.43
TL2409,,13:43:08.300#,109.25,109.45,109.11,112.86,105.24,21872,76773,109.38,950,109.39,88,109.4,114,109.41,158,109.42,57,109.43,13,109.44,119,109.45,205,109.46,95,109.47,888,109.43
TL2409,,13:43:09.300#,109.25,109.45,109.11,112.86,105.24,21872,76773,109.38,950,109.39,88,109.4,114,109.41,158,109.42,57,109.43,13,109.44,120,109.45,204,109.46,95,109.47,888,109.43
TL2409,,13:43:10.800#,109.25,109.45,109.11,112.86,105.24,21873,76773,109.38,950,109.39,88,109.4,114,109.41,158,109.42,56,109.43,12,109.44,120,109.45,199,109.46,95,109.47,888,109.43
TL2409,,13:43:22.300#,109.25,109.45,109.11,112.86,105.24,21874,76774,109.38,950,109.39,89,109.4,113,109.41,158,109.42,56,109.43,13,109.44,123,109.45,199,109.46,95,109.47,888,109.43
TL2409,,13:43:26.800#,109.25,109.45,109.11,112.86,105.24,21881,76773,109.39,826,109.4,123,109.41,150,109.42,114,109.43,3,109.44,32,109.45,220,109.46,97,109.47,112,109.48,1021,109.43
TL2409,,13:43:27.300#,109.25,109.45,109.11,112.86,105.24,21882,76772,109.39,865,109.4,103,109.41,149,109.42,145,109.43,4,109.44,32,109.45,220,109.46,97,109.47,112,109.48,1021,109.43
TL2409,,13:43:27.800#,109.25,109.45,109.11,112.86,105.24,21882,76772,109.39,865,109.4,103,109.41,149,109.42,145,109.43,4,109.44,33,109.45,220,109.46,97,109.47,112,109.48,1021,109.43
TL2409,,13:43:28.300#,109.25,109.45,109.11,112.86,105.24,21882,76772,109.39,865,109.4,103,109.41,148,109.42,145,109.43,4,109.44,33,109.45,220,109.46,97,109.47,112,109.48,1021,109.43
TL2409,,13:43:33.300#,109.25,109.45,109.11,112.86,105.24,21882,76772,109.39,865,109.4,102,109.41,148,109.42,144,109.43,11,109.44,33,109.45,220,109.46,97,109.47,112,109.48,1021,109.43
TL2409,,13:43:40.800#,109.25,109.45,109.11,112.86,105.24,21890,76772,109.39,865,109.4,102,109.41,138,109.42,160,109.43,11,109.44,26,109.45,230,109.46,86,109.47,112,109.48,1021,109.43
TL2409,,13:43:44.800#,109.25,109.45,109.11,112.86,105.24,21890,76772,109.39,865,109.4,98,109.41,139,109.42,153,109.43,11,109.44,36,109.45,230,109.46,86,109.47,112,109.48,1021,109.43
TL2409,,13:43:45.300#,109.25,109.45,109.11,112.86,105.24,21890,76772,109.39,865,109.4,98,109.41,139,109.42,153,109.43,11,109.44,27,109.45,230,109.46,86,109.47,112,109.48,1021,109.43
TL2409,,13:43:46.300#,109.25,109.45,109.11,112.86,105.24,21890,76772,109.39,865,109.4,98,109.41,139,109.42,152,109.43,11,109.44,27,109.45,230,109.46,86,109.47,112,109.48,1021,109.43
TL2409,,13:43:47.800#,109.25,109.45,109.11,112.86,105.24,21890,76772,109.39,864,109.4,98,109.41,139,109.42,152,109.43,11,109.44,27,109.45,230,109.46,86,109.47,112,109.48,1021,109.43
TL2409,,13:43:48.800#,109.25,109.45,109.11,112.86,105.24,21890,76772,109.39,864,109.4,99,109.41,139,109.42,152,109.43,11,109.44,27,109.45,230,109.46,86,109.47,112,109.48,1021,109.43
TL2409,,13:43:51.300#,109.25,109.45,109.11,112.86,105.24,21890,76772,109.39,864,109.4,99,109.41,139,109.42,152,109.43,12,109.44,27,109.45,230,109.46,86,109.47,112,109.48,1021,109.43
TL2409,,13:43:57.300#,109.25,109.45,109.11,112.86,105.24,21891,76773,109.39,864,109.4,99,109.41,139,109.42,152,109.43,11,109.44,27,109.45,230,109.46,86,109.47,112,109.48,1021,109.43
TL2409,,13:43:59.800#,109.25,109.45,109.11,112.86,105.24,21892,76773,109.39,864,109.4,99,109.41,139,109.42,152,109.43,11,109.44,26,109.45,230,109.46,86,109.47,112,109.48,1021,109.44
TL2409,,13:44:00.300#,109.25,109.45,109.11,112.86,105.24,21892,76773,109.39,854,109.4,109,109.41,139,109.42,152,109.43,11,109.44,26,109.45,230,109.46,86,109.47,112,109.48,1011,109.44
TL2409,,13:44:01.300#,109.25,109.45,109.11,112.86,105.24,21892,76773,109.39,854,109.4,109,109.41,139,109.42,152,109.43,11,109.44,27,109.45,230,109.46,86,109.47,112,109.48,1011,109.44
TL2409,,13:44:04.300#,109.25,109.45,109.11,112.86,105.24,21892,76773,109.39,854,109.4,109,109.41,139,109.42,152,109.43,12,109.44,27,109.45,230,109.46,86,109.47,112,109.48,1011,109.44
TL2409,,13:44:05.800#,109.25,109.45,109.11,112.86,105.24,21922,76782,109.4,109,109.41,139,109.42,152,109.43,11,109.44,4,109.45,221,109.46,86,109.47,112,109.48,1011,109.49,231,109.44
TL2409,,13:44:06.300#,109.25,109.45,109.11,112.86,105.24,21929,76780,109.39,198,109.4,963,109.41,159,109.42,123,109.43,71,109.44,22,109.45,119,109.46,116,109.47,103,109.48,147,109.44
TL2409,,13:44:06.800#,109.25,109.45,109.11,112.86,105.24,21929,76780,109.39,825,109.4,226,109.41,130,109.42,163,109.43,13,109.44,27,109.45,219,109.46,86,109.47,122,109.48,884,109.44
TL2409,,13:44:07.300#,109.25,109.45,109.11,112.86,105.24,21956,76754,109.4,187,109.41,140,109.42,143,109.43,13,109.44,5,109.45,219,109.46,86,109.47,112,109.48,933,109.49,231,109.44
TL2409,,13:44:07.800#,109.25,109.45,109.11,112.86,105.24,21962,76750,109.39,237,109.4,924,109.41,169,109.42,113,109.43,73,109.44,14,109.45,121,109.46,126,109.47,93,109.48,186,109.44
TL2409,,13:44:08.300#,109.25,109.45,109.11,112.86,105.24,21962,76750,109.39,864,109.4,187,109.41,140,109.42,153,109.43,14,109.44,13,109.45,220,109.46,96,109.47,112,109.48,923,109.44
TL2409,,13:44:08.800#,109.25,109.45,109.11,112.86,105.24,21962,76750,109.39,864,109.4,187,109.41,141,109.42,142,109.43,14,109.44,22,109.45,209,109.46,96,109.47,112,109.48,923,109.44
TL2409,,13:44:09.300#,109.25,109.45,109.11,112.86,105.24,21962,76750,109.39,854,109.4,187,109.41,141,109.42,152,109.43,15,109.44,23,109.45,219,109.46,96,109.47,112,109.48,933,109.44
TL2409,,13:44:09.800#,109.25,109.45,109.11,112.86,105.24,21962,76750,109.39,854,109.4,187,109.41,141,109.42,152,109.43,15,109.44,23,109.45,229,109.46,86,109.47,112,109.48,933,109.44
TL2409,,13:44:10.300#,109.25,109.45,109.11,112.86,105.24,21962,76750,109.39,854,109.4,187,109.41,140,109.42,153,109.43,15,109.44,22,109.45,230,109.46,86,109.47,112,109.48,933,109.44
TL2409,,13:44:10.800#,109.25,109.45,109.11,112.86,105.24,21962,76750,109.39,854,109.4,187,109.41,140,109.42,153,109.43,15,109.44,17,109.45,230,109.46,86,109.47,112,109.48,933,109.44
TL2409,,13:44:11.300#,109.25,109.45,109.11,112.86,105.24,21962,76750,109.39,854,109.4,187,109.41,140,109.42,153,109.43,15,109.44,37,109.45,230,109.46,86,109.47,112,109.48,933,109.44
TL2409,,13:44:11.800#,109.25,109.45,109.11,112.86,105.24,21962,76750,109.39,854,109.4,187,109.41,140,109.42,153,109.43,15,109.44,38,109.45,230,109.46,86,109.47,112,109.48,933,109.44
TL2409,,13:44:12.300#,109.25,109.45,109.11,112.86,105.24,21962,76750,109.39,854,109.4,187,109.41,140,109.42,153,109.43,15,109.44,39,109.45,230,109.46,86,109.47,112,109.48,933,109.44
TL2409,,13:44:12.800#,109.25,109.45,109.11,112.86,105.24,21962,76750,109.39,854,109.4,187,109.41,140,109.42,153,109.43,15,109.44,38,109.45,230,109.46,86,109.47,112,109.48,933,109.44
TL2409,,13:44:16.300#,109.25,109.45,109.11,112.86,105.24,21963,76751,109.39,854,109.4,187,109.41,140,109.42,152,109.43,15,109.44,38,109.45,230,109.46,86,109.47,112,109.48,933,109.43
TL2409,,13:44:16.800#,109.25,109.45,109.11,112.86,105.24,21972,76753,109.39,854,109.4,177,109.41,140,109.42,152,109.43,12,109.44,33,109.45,230,109.46,86,109.47,112,109.48,943,109.44
TL2409,,13:44:17.300#,109.25,109.45,109.11,112.86,105.24,21979,76754,109.39,854,109.4,187,109.41,140,109.42,152,109.43,13,109.44,26,109.45,230,109.46,86,109.47,112,109.48,933,109.44
TL2409,,13:44:17.800#,109.25,109.45,109.11,112.86,105.24,21979,76754,109.39,854,109.4,187,109.41,140,109.42,152,109.43,17,109.44,27,109.45,230,109.46,86,109.47,112,109.48,933,109.44
TL2409,,13:44:18.800#,109.25,109.45,109.11,112.86,105.24,21979,76754,109.39,854,109.4,187,109.41,140,109.42,152,109.43,19,109.44,27,109.45,230,109.46,86,109.47,112,109.48,933,109.44
TL2409,,13:44:21.300#,109.25,109.45,109.11,112.86,105.24,21979,76754,109.39,854,109.4,187,109.41,140,109.42,152,109.43,19,109.44,27,109.45,229,109.46,86,109.47,112,109.48,933,109.44
TL2409,,13:44:21.800#,109.25,109.45,109.11,112.86,105.24,21979,76754,109.39,854,109.4,185,109.41,142,109.42,152,109.43,19,109.44,27,109.45,229,109.46,86,109.47,112,109.48,933,109.44
TL2409,,13:44:25.300#,109.25,109.45,109.11,112.86,105.24,21981,76755,109.39,854,109.4,185,109.41,142,109.42,152,109.43,17,109.44,28,109.45,229,109.46,86,109.47,112,109.48,933,109.43
TL2409,,13:44:25.800#,109.25,109.45,109.11,112.86,105.24,21981,76755,109.39,854,109.4,175,109.41,142,109.42,152,109.43,17,109.44,28,109.45,229,109.46,86,109.47,112,109.48,943,109.43
TL2409,,13:44:26.300#,109.25,109.45,109.11,112.86,105.24,21982,76754,109.39,864,109.4,175,109.41,142,109.42,152,109.43,12,109.44,29,109.45,229,109.46,86,109.47,112,109.48,933,109.43
TL2409,,13:44:26.800#,109.25,109.45,109.11,112.86,105.24,21994,76750,109.38,209,109.39,864,109.4,175,109.41,142,109.42,152,109.43,2,109.44,38,109.45,229,109.46,86,109.47,112,109.43
TL2409,,13:44:27.300#,109.25,109.45,109.11,112.86,105.24,21994,76750,109.38,953,109.39,88,109.4,88,109.41,181,109.42,52,109.43,4,109.44,99,109.45,210,109.46,96,109.47,888,109.43
TL2409,,13:44:27.800#,109.25,109.45,109.11,112.86,105.24,21994,76750,109.38,953,109.39,88,109.4,89,109.41,170,109.42,56,109.43,8,109.44,126,109.45,190,109.46,96,109.47,888,109.43
TL2409,,13:44:28.300#,109.25,109.45,109.11,112.86,105.24,21994,76750,109.38,953,109.39,88,109.4,99,109.41,170,109.42,52,109.43,8,109.44,136,109.45,190,109.46,96,109.47,888,109.43
TL2409,,13:44:28.800#,109.25,109.45,109.11,112.86,105.24,21994,76750,109.38,953,109.39,88,109.4,98,109.41,171,109.42,52,109.43,7,109.44,137,109.45,190,109.46,96,109.47,888,109.43
TL2409,,13:44:29.300#,109.25,109.45,109.11,112.86,105.24,21994,76750,109.38,953,109.39,88,109.4,183,109.41,171,109.42,82,109.43,7,109.44,137,109.45,190,109.46,96,109.47,888,109.43
TL2409,,13:44:29.800#,109.25,109.45,109.11,112.86,105.24,21994,76750,109.38,953,109.39,88,109.4,173,109.41,206,109.42,83,109.43,7,109.44,137,109.45,190,109.46,96,109.47,888,109.43
TL2409,,13:44:30.300#,109.25,109.45,109.11,112.86,105.24,21994,76750,109.38,953,109.39,113,109.4,173,109.41,206,109.42,83,109.43,12,109.44,137,109.45,190,109.46,96,109.47,888,109.43
TL2409,,13:44:33.800#,109.25,109.45,109.11,112.86,105.24,21994,76750,109.38,953,109.39,113,109.4,173,109.41,207,109.42,83,109.43,12,109.44,137,109.45,190,109.46,96,109.47,888,109.43
TL2409,,13:44:41.300#,109.25,109.45,109.11,112.86,105.24,21994,76750,109.38,953,109.39,113,109.4,173,109.41,207,109.42,83,109.43,12,109.44,137,109.45,189,109.46,96,109.47,888,109.43
TL2409,,13:44:41.800#,109.25,109.45,109.11,112.86,105.24,21994,76750,109.38,953,109.39,148,109.4,173,109.41,207,109.42,84,109.43,11,109.44,139,109.45,189,109.46,96,109.47,888,109.43
TL2409,,13:44:42.800#,109.25,109.45,109.11,112.86,105.24,21995,76750,109.38,953,109.39,148,109.4,173,109.41,207,109.42,84,109.43,11,109.44,138,109.45,189,109.46,96,109.47,888,109.43
TL2409,,13:44:43.300#,109.25,109.45,109.11,112.86,105.24,21997,76750,109.38,953,109.39,148,109.4,173,109.41,242,109.42,84,109.43,8,109.44,139,109.45,189,109.46,96,109.47,888,109.43
TL2409,,13:44:43.800#,109.25,109.45,109.11,112.86,105.24,22005,76752,109.38,953,109.39,148,109.4,173,109.41,252,109.42,83,109.44,129,109.45,189,109.46,96,109.47,888,109.48,356,109.43
TL2409,,13:44:44.300#,109.25,109.45,109.11,112.86,105.24,22005,76752,109.38,943,109.39,148,109.4,173,109.41,261,109.42,94,109.43,1,109.44,49,109.45,218,109.46,87,109.47,229,109.43
TL2409,,13:44:44.800#,109.25,109.45,109.11,112.86,105.24,22007,76752,109.39,148,109.4,173,109.41,262,109.42,83,109.43,2,109.44,108,109.45,199,109.46,106,109.47,849,109.48,395,109.43
TL2409,,13:44:45.300#,109.25,109.45,109.11,112.86,105.24,22011,76750,109.38,287,109.39,924,109.4,182,109.41,233,109.42,160,109.43,1,109.44,38,109.45,229,109.46,87,109.47,112,109.43
TL2409,,13:44:45.800#,109.25,109.45,109.11,112.86,105.24,22027,76762,109.38,914,109.39,187,109.4,163,109.41,272,109.42,82,109.44,86,109.45,199,109.46,106,109.47,849,109.48,395,109.44
TL2409,,13:44:46.300#,109.25,109.45,109.11,112.86,105.24,22027,76762,109.39,138,109.4,183,109.41,261,109.42,93,109.43,1,109.44,36,109.45,218,109.46,87,109.47,229,109.48,895,109.44
TL2409,,13:44:46.800#,109.25,109.45,109.11,112.86,105.24,22030,76759,109.38,416,109.39,785,109.4,202,109.41,223,109.42,161,109.43,2,109.44,28,109.45,229,109.46,87,109.47,112,109.43
TL2409,,13:44:47.300#,109.25,109.45,109.11,112.86,105.24,22035,76760,109.39,138,109.4,163,109.41,252,109.42,83,109.43,3,109.44,77,109.45,199,109.46,96,109.47,878,109.48,356,109.43
TL2409,,13:44:47.800#,109.25,109.45,109.11,112.86,105.24,22035,76760,109.39,873,109.4,192,109.41,212,109.42,151,109.43,3,109.44,28,109.45,229,109.46,67,109.47,151,109.48,971,109.43
TL2409,,13:44:48.300#,109.25,109.45,109.11,112.86,105.24,22035,76760,109.39,873,109.4,182,109.41,222,109.42,216,109.43,8,109.44,28,109.45,229,109.46,87,109.47,161,109.48,961,109.43
TL2409,,13:44:48.800#,109.25,109.45,109.11,112.86,105.24,22035,76760,109.39,922,109.4,182,109.41,222,109.42,206,109.43,16,109.44,26,109.45,219,109.46,87,109.47,112,109.48,1020,109.43
TL2409,,13:44:49.300#,109.25,109.45,109.11,112.86,105.24,22035,76760,109.39,922,109.4,182,109.41,222,109.42,231,109.43,18,109.44,26,109.45,219,109.46,87,109.47,112,109.48,1020,109.43
TL2409,,13:44:49.800#,109.25,109.45,109.11,112.86,105.24,22035,76760,109.39,922,109.4,182,109.41,212,109.42,241,109.43,20,109.44,26,109.45,224,109.46,87,109.47,112,109.48,1020,109.43
TL2409,,13:44:51.800#,109.25,109.45,109.11,112.86,105.24,22035,76760,109.39,922,109.4,182,109.41,212,109.42,241,109.43,20,109.44,28,109.45,224,109.46,87,109.47,112,109.48,1020,109.43
TL2409,,13:44:52.300#,109.25,109.45,109.11,112.86,105.24,22036,76760,109.39,922,109.4,182,109.41,212,109.42,241,109.43,19,109.44,28,109.45,224,109.46,87,109.47,112,109.48,1020,109.43
TL2409,,13:44:53.800#,109.25,109.45,109.11,112.86,105.24,22036,76760,109.39,922,109.4,182,109.41,212,109.42,241,109.43,19,109.44,28,109.45,224,109.46,87,109.47,117,109.48,1020,109.43
TL2409,,13:44:54.300#,109.25,109.45,109.11,112.86,105.24,22036,76760,109.39,924,109.4,182,109.41,212,109.42,251,109.43,19,109.44,28,109.45,234,109.46,87,109.47,117,109.48,1022,109.43
TL2409,,13:44:54.800#,109.25,109.45,109.11,112.86,105.24,22036,76760,109.39,924,109.4,182,109.41,212,109.42,251,109.43,19,109.44,29,109.45,234,109.46,87,109.47,117,109.48,1022,109.43
TL2409,,13:44:55.300#,109.25,109.45,109.11,112.86,105.24,22036,76760,109.39,924,109.4,182,109.41,212,109.42,251,109.43,19,109.44,39,109.45,234,109.46,87,109.47,117,109.48,1022,109.43
TL2409,,13:44:55.800#,109.25,109.45,109.11,112.86,105.24,22036,76760,109.39,924,109.4,182,109.41,213,109.42,251,109.43,19,109.44,29,109.45,234,109.46,87,109.47,117,109.48,1022,109.43
TL2409,,13:45:00.800#,109.25,109.45,109.11,112.86,105.24,22036,76760,109.39,924,109.4,182,109.41,213,109.42,251,109.43,19,109.44,30,109.45,234,109.46,87,109.47,117,109.48,1022,109.43
TL2409,,13:45:01.800#,109.25,109.45,109.11,112.86,105.24,22067,76787,109.4,182,109.41,213,109.42,251,109.43,20,109.44,1,109.45,225,109.46,87,109.47,117,109.48,1022,109.49,460,109.44
TL2409,,13:45:02.300#,109.25,109.45,109.11,112.86,105.24,22107,76806,109.39,237,109.4,1007,109.41,243,109.42,213,109.43,77,109.45,103,109.46,126,109.47,98,109.48,187,109.49,862,109.45
TL2409,,13:45:02.800#,109.25,109.45,109.11,112.86,105.24,22140,76830,109.4,299,109.41,214,109.42,263,109.43,66,109.44,1,109.45,84,109.46,116,109.47,118,109.48,265,109.49,784,109.45
TL2409,,13:45:03.300#,109.25,109.45,109.11,112.86,105.24,22174,76835,109.4,1036,109.41,233,109.42,235,109.43,125,109.44,8,109.45,49,109.46,126,109.47,118,109.48,147,109.49,901,109.45
TL2409,,13:45:03.800#,109.25,109.45,109.11,112.86,105.24,22223,76846,109.41,233,109.42,215,109.43,156,109.44,12,109.45,15,109.46,125,109.47,119,109.48,147,109.49,901,109.5,679,109.45
TL2409,,13:45:04.300#,109.25,109.45,109.11,112.86,105.24,22225,76846,109.41,970,109.42,242,109.43,142,109.44,74,109.45,16,109.46,25,109.47,166,109.48,119,109.49,156,109.5,1310,109.45
TL2409,,13:45:04.800#,109.25,109.46,109.11,112.86,105.24,22251,76867,109.42,222,109.43,163,109.44,120,109.45,18,109.46,4,109.47,145,109.48,139,109.49,117,109.5,1349,109.51,299,109.46
TL2409,,13:45:05.300#,109.25,109.47,109.11,112.86,105.24,22310,76881,109.41,301,109.42,1027,109.43,183,109.44,156,109.45,69,109.47,31,109.48,177,109.49,109,109.5,524,109.51,812,109.47
TL2409,,13:45:05.800#,109.25,109.47,109.11,112.86,105.24,22316,76880,109.42,329,109.43,164,109.44,175,109.45,91,109.46,2,109.47,38,109.48,148,109.49,118,109.5,592,109.51,734,109.47
TL2409,,13:45:06.300#,109.25,109.47,109.11,112.86,105.24,22349,76890,109.43,164,109.44,170,109.45,160,109.46,4,109.47,2,109.48,167,109.49,130,109.5,475,109.51,851,109.52,287,109.47
TL2409,,13:45:06.800#,109.25,109.47,109.11,112.86,105.24,22351,76889,109.42,378,109.43,783,109.44,178,109.45,155,109.46,41,109.47,4,109.48,87,109.49,158,109.5,469,109.51,104,109.47
TL2409,,13:45:07.300#,109.25,109.47,109.11,112.86,105.24,22364,76887,109.41,241,109.42,985,109.43,163,109.44,169,109.45,173,109.46,14,109.47,7,109.48,157,109.49,130,109.5,468,109.46
TL2409,,13:45:07.800#,109.25,109.47,109.11,112.86,105.24,22382,76887,109.42,228,109.43,145,109.44,192,109.45,23,109.46,65,109.47,51,109.48,149,109.49,149,109.5,1205,109.51,244,109.47
TL2409,,13:45:08.300#,109.25,109.47,109.11,112.86,105.24,22382,76887,109.42,858,109.43,164,109.44,172,109.45,83,109.46,64,109.47,2,109.48,157,109.49,131,109.5,468,109.51,734,109.47
TL2409,,13:45:08.800#,109.25,109.47,109.11,112.86,105.24,22382,76887,109.42,975,109.43,164,109.44,162,109.45,103,109.46,66,109.47,4,109.48,167,109.49,131,109.5,468,109.51,851,109.47
TL2409,,13:45:09.300#,109.25,109.47,109.11,112.86,105.24,22384,76888,109.42,975,109.43,164,109.44,162,109.45,133,109.46,67,109.47,2,109.48,157,109.49,131,109.5,468,109.51,851,109.47
TL2409,,13:45:09.800#,109.25,109.47,109.11,112.86,105.24,22384,76888,109.42,975,109.43,164,109.44,162,109.45,133,109.46,128,109.47,3,109.48,157,109.49,131,109.5,468,109.51,851,109.47
TL2409,,13:45:10.300#,109.25,109.47,109.11,112.86,105.24,22384,76888,109.43,164,109.44,152,109.45,143,109.46,121,109.47,7,109.48,157,109.49,131,109.5,468,109.51,851,109.52,303,109.47
TL2409,,13:45:10.800#,109.25,109.47,109.11,112.86,105.24,22391,76895,109.43,811,109.44,160,109.45,113,109.46,159,109.47,2,109.48,78,109.49,139,109.5,450,109.51,104,109.52,820,109.47
TL2409,,13:45:11.300#,109.25,109.47,109.11,112.86,105.24,22402,76902,109.43,809,109.44,160,109.45,124,109.46,196,109.47,1,109.48,77,109.49,139,109.5,460,109.51,104,109.52,820,109.47
TL2409,,13:45:11.800#,109.25,109.48,109.11,112.86,105.24,22404,76902,109.42,319,109.43,858,109.44,150,109.45,134,109.46,211,109.48,76,109.49,139,109.5,480,109.51,65,109.52,869,109.48
TL2409,,13:45:12.300#,109.25,109.48,109.11,112.86,105.24,22406,76901,109.43,191,109.44,151,109.45,187,109.46,62,109.47,1,109.48,87,109.49,129,109.5,481,109.51,182,109.52,742,109.48
TL2409,,13:45:12.800#,109.25,109.48,109.11,112.86,105.24,22409,76900,109.43,809,109.44,170,109.45,170,109.46,111,109.47,10,109.48,76,109.49,139,109.5,481,109.51,65,109.52,859,109.48
TL2409,,13:45:13.300#,109.25,109.48,109.11,112.86,105.24,22420,76911,109.42,358,109.43,809,109.44,170,109.45,161,109.46,151,109.47,5,109.48,81,109.49,130,109.5,480,109.51,65,109.47
TL2409,,13:45:13.800#,109.25,109.48,109.11,112.86,105.24,22425,76915,109.43,191,109.44,142,109.45,203,109.46,112,109.47,4,109.48,142,109.49,130,109.5,489,109.51,722,109.52,322,109.47
TL2409,,13:45:14.300#,109.25,109.48,109.11,112.86,105.24,22427,76915,109.43,858,109.44,115,109.45,186,109.46,131,109.47,13,109.48,82,109.49,150,109.5,470,109.51,65,109.52,869,109.47
TL2409,,13:45:14.800#,109.25,109.48,109.11,112.86,105.24,22427,76915,109.43,913,109.44,80,109.45,185,109.46,142,109.47,15,109.48,83,109.49,149,109.5,471,109.51,65,109.52,949,109.47
TL2409,,13:45:15.300#,109.25,109.48,109.11,112.86,105.24,22427,76915,109.43,913,109.44,80,109.45,186,109.46,141,109.47,15,109.48,83,109.49,150,109.5,480,109.51,65,109.52,949,109.47
TL2409,,13:45:15.800#,109.25,109.48,109.11,112.86,105.24,22427,76915,109.43,913,109.44,80,109.45,186,109.46,141,109.47,15,109.48,93,109.49,150,109.5,480,109.51,65,109.52,949,109.47
TL2409,,13:45:16.300#,109.25,109.48,109.11,112.86,105.24,22432,76911,109.43,913,109.44,80,109.45,185,109.46,141,109.47,3,109.48,85,109.49,160,109.5,470,109.51,65,109.52,949,109.47
TL2409,,13:45:16.800#,109.25,109.48,109.11,112.86,105.24,22436,76911,109.42,319,109.43,913,109.44,80,109.45,185,109.46,141,109.48,83,109.49,160,109.5,470,109.51,65,109.52,949,109.47
TL2409,,13:45:17.300#,109.25,109.48,109.11,112.86,105.24,22436,76911,109.42,936,109.43,176,109.44,70,109.45,134,109.46,63,109.47,2,109.48,94,109.49,140,109.5,470,109.51,182,109.47
TL2409,,13:45:17.800#,109.25,109.48,109.11,112.86,105.24,22438,76909,109.42,985,109.43,137,109.44,81,109.45,113,109.46,53,109.47,7,109.48,165,109.49,131,109.5,479,109.51,802,109.47
TL2409,,13:45:18.300#,109.25,109.48,109.11,112.86,105.24,22438,76909,109.42,985,109.43,137,109.44,91,109.45,103,109.46,53,109.47,2,109.48,166,109.49,131,109.5,479,109.51,802,109.47
TL2409,,13:45:18.800#,109.25,109.48,109.11,112.86,105.24,22438,76909,109.42,985,109.43,137,109.44,91,109.45,113,109.46,53,109.47,4,109.48,174,109.49,141,109.5,469,109.51,841,109.47
TL2409,,13:45:19.300#,109.25,109.48,109.11,112.86,105.24,22442,76905,109.42,985,109.43,137,109.44,91,109.45,113,109.46,53,109.47,4,109.48,174,109.49,141,109.5,469,109.51,841,109.47
TL2409,,13:45:19.800#,109.25,109.48,109.11,112.86,105.24,22446,76905,109.43,137,109.44,91,109.45,103,109.46,53,109.47,6,109.48,164,109.49,141,109.5,469,109.51,841,109.52,287,109.47
TL2409,,13:45:20.300#,109.25,109.48,109.11,112.86,105.24,22446,76905,109.43,874,109.44,99,109.45,105,109.46,112,109.47,18,109.48,84,109.49,170,109.5,460,109.51,104,109.52,914,109.47
TL2409,,13:45:20.800#,109.25,109.48,109.11,112.86,105.24,22455,76904,109.42,319,109.43,913,109.44,79,109.45,105,109.46,142,109.47,1,109.48,83,109.49,160,109.5,470,109.51,65,109.47
TL2409,,13:45:21.300#,109.25,109.48,109.11,112.86,105.24,22456,76904,109.43,178,109.44,71,109.45,133,109.46,63,109.47,1,109.48,154,109.49,140,109.5,479,109.51,802,109.52,326,109.47
TL2409,,13:45:21.800#,109.25,109.48,109.11,112.86,105.24,22456,76904,109.43,798,109.44,100,109.45,94,109.46,122,109.47,1,109.48,84,109.49,170,109.5,460,109.51,104,109.52,914,109.47
TL2409,,13:45:22.300#,109.25,109.48,109.11,112.86,105.24,22456,76904,109.43,876,109.44,99,109.45,85,109.46,152,109.47,3,109.48,83,109.49,169,109.5,461,109.51,104,109.52,914,109.47
TL2409,,13:45:22.800#,109.25,109.48,109.11,112.86,105.24,22461,76904,109.43,915,109.44,79,109.45,105,109.46,153,109.47,5,109.48,78,109.49,159,109.5,471,109.51,65,109.52,953,109.48
TL2409,,13:45:23.800#,109.25,109.48,109.11,112.86,105.24,22461,76904,109.43,905,109.44,89,109.45,104,109.46,152,109.47,4,109.48,80,109.49,149,109.5,481,109.51,65,109.52,943,109.48
TL2409,,13:45:24.300#,109.25,109.48,109.11,112.86,105.24,22465,76904,109.42,319,109.43,905,109.44,89,109.45,105,109.46,151,109.47,1,109.48,78,109.49,150,109.5,480,109.51,65,109.47
TL2409,,13:45:24.800#,109.25,109.48,109.11,112.86,105.24,22465,76904,109.42,946,109.43,168,109.44,71,109.45,133,109.46,62,109.47,16,109.48,148,109.49,130,109.5,489,109.51,802,109.47
TL2409,,13:45:25.300#,109.25,109.48,109.11,112.86,105.24,22465,76904,109.42,946,109.43,178,109.44,70,109.45,123,109.46,62,109.47,10,109.48,168,109.49,130,109.5,479,109.51,802,109.47
TL2409,,13:45:25.800#,109.25,109.48,109.11,112.86,105.24,22465,76904,109.42,985,109.43,139,109.44,90,109.45,103,109.46,62,109.47,20,109.48,159,109.49,140,109.5,469,109.51,841,109.47
TL2409,,13:45:26.300#,109.25,109.48,109.11,112.86,105.24,22465,76904,109.42,985,109.43,139,109.44,90,109.45,113,109.46,52,109.47,20,109.48,169,109.49,140,109.5,469,109.51,841,109.47
TL2409,,13:45:26.800#,109.25,109.48,109.11,112.86,105.24,22479,76896,109.42,985,109.43,139,109.44,90,109.45,113,109.46,49,109.47,19,109.48,169,109.49,140,109.5,469,109.51,841,109.46
TL2409,,13:45:27.300#,109.25,109.48,109.11,112.86,105.24,22499,76899,109.43,129,109.44,90,109.45,113,109.46,49,109.47,30,109.48,169,109.49,140,109.5,469,109.51,851,109.52,277,109.47
TL2409,,13:45:27.800#,109.25,109.48,109.11,112.86,105.24,22513,76906,109.43,905,109.44,88,109.45,95,109.46,108,109.47,20,109.48,79,109.49,150,109.5,460,109.51,65,109.52,933,109.47
TL2409,,13:45:28.300#,109.25,109.48,109.11,112.86,105.24,22521,76912,109.43,915,109.44,88,109.45,95,109.46,138,109.47,12,109.48,109,109.49,150,109.5,555,109.51,65,109.52,953,109.47
TL2409,,13:45:28.800#,109.25,109.48,109.11,112.86,105.24,22533,76912,109.42,318,109.43,915,109.44,78,109.45,105,109.46,128,109.47,3,109.48,78,109.49,150,109.5,555,109.51,65,109.47
TL2409,,13:45:29.300#,109.25,109.48,109.11,112.86,105.24,22533,76912,109.42,945,109.43,178,109.44,70,109.45,123,109.46,49,109.47,3,109.48,149,109.49,131,109.5,564,109.51,803,109.47
TL2409,,13:45:29.800#,109.25,109.48,109.11,112.86,105.24,22534,76912,109.42,984,109.43,139,109.44,90,109.45,103,109.46,48,109.47,3,109.48,158,109.49,141,109.5,554,109.51,842,109.46
TL2409,,13:45:30.300#,109.25,109.48,109.11,112.86,105.24,22534,76912,109.42,983,109.43,130,109.44,80,109.45,113,109.46,48,109.47,9,109.48,168,109.49,141,109.5,554,109.51,852,109.46
TL2409,,13:45:30.800#,109.25,109.48,109.11,112.86,105.24,22534,76912,109.42,983,109.43,130,109.44,90,109.45,113,109.46,48,109.47,11,109.48,168,109.49,141,109.5,554,109.51,852,109.46
TL2409,,13:45:31.300#,109.25,109.48,109.11,112.86,105.24,22534,76912,109.42,983,109.43,130,109.44,90,109.45,113,109.46,48,109.47,12,109.48,167,109.49,141,109.5,554,109.51,852,109.46
TL2409,,13:45:31.800#,109.25,109.48,109.11,112.86,105.24,22534,76912,109.42,983,109.43,130,109.44,90,109.45,113,109.46,48,109.47,18,109.48,166,109.49,141,109.5,554,109.51,852,109.46
TL2409,,13:45:32.300#,109.25,109.48,109.11,112.86,105.24,22534,76912,109.42,983,109.43,95,109.44,90,109.45,113,109.46,42,109.47,19,109.48,201,109.49,141,109.5,554,109.51,852,109.46
TL2409,,13:45:32.800#,109.25,109.48,109.11,112.86,105.24,22534,76912,109.42,983,109.43,95,109.44,90,109.45,113,109.46,37,109.47,22,109.48,201,109.49,141,109.5,554,109.51,852,109.46
TL2409,,13:45:33.300#,109.25,109.48,109.11,112.86,105.24,22534,76912,109.42,983,109.43,95,109.44,80,109.45,113,109.46,37,109.47,23,109.48,201,109.49,166,109.5,554,109.51,852,109.46
TL2409,,13:45:33.800#,109.25,109.48,109.11,112.86,105.24,22534,76912,109.42,983,109.43,105,109.44,81,109.45,113,109.46,37,109.47,23,109.48,202,109.49,191,109.5,554,109.51,852,109.46
TL2409,,13:45:34.300#,109.25,109.48,109.11,112.86,105.24,22534,76912,109.42,983,109.43,105,109.44,81,109.45,113,109.46,37,109.47,24,109.48,202,109.49,221,109.5,554,109.51,852,109.46
TL2409,,13:45:34.800#,109.25,109.48,109.11,112.86,105.24,22534,76912,109.42,983,109.43,105,109.44,81,109.45,113,109.46,37,109.47,31,109.48,227,109.49,221,109.5,554,109.51,852,109.46
TL2409,,13:45:35.300#,109.25,109.48,109.11,112.86,105.24,22534,76912,109.42,983,109.43,105,109.44,81,109.45,103,109.46,37,109.47,33,109.48,247,109.49,211,109.5,554,109.51,852,109.46
TL2409,,13:45:35.800#,109.25,109.48,109.11,112.86,105.24,22534,76912,109.42,983,109.43,105,109.44,81,109.45,113,109.46,38,109.47,45,109.48,258,109.49,211,109.5,554,109.51,852,109.46
TL2409,,13:45:36.300#,109.25,109.48,109.11,112.86,105.24,22534,76912,109.42,973,109.43,105,109.44,82,109.45,113,109.46,38,109.47,105,109.48,263,109.49,211,109.5,554,109.51,862,109.46
TL2409,,13:45:36.800#,109.25,109.48,109.11,112.86,105.24,22571,76946,109.41,261,109.42,973,109.43,105,109.44,82,109.45,113,109.46,5,109.47,140,109.48,263,109.49,211,109.5,554,109.46
TL2409,,13:45:37.300#,109.25,109.48,109.11,112.86,105.24,22572,76946,109.41,898,109.42,226,109.43,97,109.44,100,109.45,23,109.46,4,109.47,171,109.48,235,109.49,220,109.5,1291,109.46
TL2409,,13:45:37.800#,109.25,109.48,109.11,112.86,105.24,22572,76946,109.41,859,109.42,198,109.43,86,109.44,99,109.45,23,109.46,5,109.47,196,109.48,245,109.49,210,109.5,1330,109.46
TL2409,,13:45:38.300#,109.25,109.48,109.11,112.86,105.24,22573,76945,109.41,859,109.42,208,109.43,86,109.44,89,109.45,26,109.46,4,109.47,196,109.48,245,109.49,210,109.5,1330,109.46
TL2409,,13:45:40.300#,109.25,109.48,109.11,112.86,105.24,22574,76944,109.41,859,109.42,208,109.43,86,109.44,89,109.45,26,109.46,3,109.47,196,109.48,245,109.49,210,109.5,1330,109.46
TL2409,,13:45:40.800#,109.25,109.48,109.11,112.86,105.24,22574,76944,109.41,937,109.42,197,109.43,97,109.44,89,109.45,27,109.46,2,109.47,217,109.48,245,109.49,210,109.5,1330,109.46
TL2409,,13:45:41.300#,109.25,109.48,109.11,112.86,105.24,22574,76944,109.41,937,109.42,197,109.43,97,109.44,79,109.45,27,109.46,2,109.47,207,109.48,245,109.49,210,109.5,1330,109.46
TL2409,,13:45:41.800#,109.25,109.48,109.11,112.86,105.24,22574,76944,109.41,937,109.42,197,109.43,97,109.44,89,109.45,27,109.46,13,109.47,217,109.48,245,109.49,210,109.5,1330,109.46
TL2409,,13:45:42.300#,109.25,109.48,109.11,112.86,105.24,22574,76944,109.41,937,109.42,197,109.43,97,109.44,89,109.45,27,109.46,19,109.47,217,109.48,244,109.49,210,109.5,1330,109.46
TL2409,,13:45:42.800#,109.25,109.48,109.11,112.86,105.24,22574,76944,109.41,935,109.42,197,109.43,98,109.44,89,109.45,29,109.46,19,109.47,228,109.48,234,109.49,210,109.5,1330,109.46
TL2409,,13:45:43.300#,109.25,109.48,109.11,112.86,105.24,22574,76944,109.41,934,109.42,197,109.43,99,109.44,91,109.45,29,109.46,19,109.47,228,109.48,234,109.49,210,109.5,1330,109.46
TL2409,,13:45:43.800#,109.25,109.48,109.11,112.86,105.24,22574,76944,109.41,934,109.42,197,109.43,99,109.44,91,109.45,29,109.46,19,109.47,229,109.48,234,109.49,210,109.5,1330,109.46
TL2409,,13:45:44.800#,109.25,109.48,109.11,112.86,105.24,22574,76944,109.41,934,109.42,197,109.43,99,109.44,91,109.45,29,109.46,19,109.47,228,109.48,234,109.49,210,109.5,1330,109.46
TL2409,,13:45:45.800#,109.25,109.48,109.11,112.86,105.24,22578,76944,109.41,934,109.42,197,109.43,98,109.44,91,109.45,26,109.46,22,109.47,228,109.48,234,109.49,210,109.5,1330,109.45
TL2409,,13:45:46.300#,109.25,109.48,109.11,112.86,105.24,22604,76935,109.4,476,109.41,934,109.42,197,109.43,88,109.44,100,109.45,2,109.46,23,109.47,238,109.48,224,109.49,210,109.45
TL2409,,13:45:46.800#,109.25,109.48,109.11,112.86,105.24,22605,76934,109.4,930,109.41,158,109.42,101,109.43,116,109.44,24,109.45,8,109.46,72,109.47,199,109.48,253,109.49,976,109.45
TL2409,,13:45:47.300#,109.25,109.48,109.11,112.86,105.24,22613,76932,109.41,148,109.42,100,109.43,125,109.44,14,109.45,1,109.46,137,109.47,200,109.48,233,109.49,986,109.5,676,109.45
TL2409,,13:45:47.800#,109.25,109.48,109.11,112.86,105.24,22615,76933,109.4,401,109.41,797,109.42,139,109.43,77,109.44,63,109.45,20,109.46,118,109.47,231,109.48,204,109.49,249,109.45
TL2409,,13:45:48.300#,109.25,109.48,109.11,112.86,105.24,22615,76933,109.4,940,109.41,148,109.42,100,109.43,106,109.44,14,109.45,18,109.46,148,109.47,180,109.48,233,109.49,976,109.45
TL2409,,13:45:48.800#,109.25,109.48,109.11,112.86,105.24,22616,76932,109.4,862,109.41,149,109.42,89,109.43,126,109.44,14,109.45,18,109.46,157,109.47,190,109.48,233,109.49,1006,109.45
TL2409,,13:45:49.800#,109.25,109.48,109.11,112.86,105.24,22617,76932,109.4,862,109.41,159,109.42,89,109.43,126,109.44,15,109.45,18,109.46,157,109.47,189,109.48,233,109.49,1006,109.45
TL2409,,13:45:50.300#,109.25,109.48,109.11,112.86,105.24,22617,76932,109.4,940,109.41,148,109.42,100,109.43,127,109.44,15,109.45,17,109.46,188,109.47,193,109.48,233,109.49,1006,109.45
TL2409,,13:45:50.800#,109.25,109.48,109.11,112.86,105.24,22617,76932,109.4,940,109.41,138,109.42,110,109.43,131,109.44,15,109.45,17,109.46,188,109.47,194,109.48,233,109.49,1006,109.45
TL2409,,13:45:51.300#,109.25,109.48,109.11,112.86,105.24,22617,76932,109.4,940,109.41,138,109.42,110,109.43,132,109.44,19,109.45,17,109.46,213,109.47,194,109.48,233,109.49,1006,109.45
TL2409,,13:45:51.800#,109.25,109.48,109.11,112.86,105.24,22617,76932,109.4,950,109.41,138,109.42,110,109.43,122,109.44,20,109.45,17,109.46,203,109.47,189,109.48,233,109.49,996,109.45
