InstrumentId,ExchangeId,Datetime,OpenPrice,HighestPrice,LowestPrice,UpperLimitPrice,LowerLimitPrice,Volume,OpenInterest,BidPrice5,BidVolume5,BidPrice4,BidVolume4,BidPrice3,BidVolume3,BidPrice2,BidVolume2,BidPrice1,BidVolume1,AskPrice1,AskVolume1,AskPrice2,AskVolume2,AskPrice3,AskVolume3,AskPrice4,AskVolume4,AskPrice5,AskVolume5,LastPrice
TL2503,,13:38:35.300#,108.56,108.82,108.56,112.27,104.69,388,1243,108.77,404,108.78,50,108.79,50,108.8,26,108.81,8,108.85,7,108.86,30,108.87,35,108.88,51,108.89,404,108.82
TL2503,,13:38:36.300#,108.56,108.82,108.56,112.27,104.69,388,1243,108.77,404,108.78,50,108.79,50,108.8,26,108.81,6,108.85,7,108.86,30,108.87,35,108.88,51,108.89,404,108.82
TL2503,,13:38:37.300#,108.56,108.82,108.56,112.27,104.69,388,1243,108.77,404,108.78,55,108.79,45,108.8,26,108.81,6,108.85,7,108.86,30,108.87,35,108.88,51,108.89,404,108.82
TL2503,,13:38:37.800#,108.56,108.82,108.56,112.27,104.69,388,1243,108.77,404,108.78,55,108.79,45,108.8,26,108.81,6,108.85,5,108.86,30,108.87,35,108.88,51,108.89,404,108.82
TL2503,,13:38:38.300#,108.56,108.82,108.56,112.27,104.69,388,1243,108.77,404,108.78,50,108.79,50,108.8,26,108.81,8,108.85,7,108.86,30,108.87,35,108.88,46,108.89,404,108.82
TL2503,,13:38:38.800#,108.56,108.82,108.56,112.27,104.69,388,1243,108.77,404,108.78,50,108.79,50,108.8,26,108.81,8,108.85,7,108.86,30,108.87,35,108.88,51,108.89,404,108.82
TL2503,,13:38:44.800#,108.56,108.82,108.56,112.27,104.69,388,1243,108.77,404,108.78,50,108.79,50,108.8,26,108.81,8,108.85,5,108.86,30,108.87,35,108.88,51,108.89,404,108.82
TL2503,,13:38:45.300#,108.56,108.82,108.56,112.27,104.69,388,1243,108.77,404,108.78,50,108.79,50,108.8,26,108.81,8,108.85,7,108.86,30,108.87,35,108.88,51,108.89,404,108.82
TL2503,,13:38:45.800#,108.56,108.82,108.56,112.27,104.69,388,1243,108.77,404,108.78,50,108.79,45,108.8,31,108.81,8,108.85,5,108.86,30,108.87,35,108.88,51,108.89,404,108.82
TL2503,,13:38:52.800#,108.56,108.82,108.56,112.27,104.69,388,1243,108.77,404,108.78,50,108.79,45,108.8,31,108.81,8,108.85,3,108.86,30,108.87,35,108.88,51,108.89,404,108.82
TL2503,,13:39:03.300#,108.56,108.82,108.56,112.27,104.69,388,1243,108.77,404,108.78,50,108.79,45,108.8,25,108.81,13,108.85,3,108.86,30,108.87,35,108.88,51,108.89,404,108.82
TL2503,,13:39:03.800#,108.56,108.82,108.56,112.27,104.69,388,1243,108.78,50,108.79,45,108.8,30,108.81,8,108.82,2,108.85,3,108.86,30,108.87,35,108.88,51,108.89,404,108.82
TL2503,,13:39:04.300#,108.56,108.82,108.56,112.27,104.69,388,1243,108.78,319,108.79,55,108.8,40,108.81,16,108.82,2,108.85,3,108.86,30,108.87,35,108.88,51,108.89,404,108.82
TL2503,,13:39:04.800#,108.56,108.82,108.56,112.27,104.69,388,1243,108.78,319,108.79,50,108.8,35,108.81,26,108.82,3,108.85,3,108.86,30,108.87,35,108.88,51,108.89,404,108.82
TL2503,,13:39:05.300#,108.56,108.82,108.56,112.27,104.69,388,1243,108.78,319,108.79,45,108.8,35,108.81,31,108.82,3,108.85,3,108.86,30,108.87,35,108.88,51,108.89,404,108.82
TL2503,,13:39:05.800#,108.56,108.82,108.56,112.27,104.69,388,1243,108.78,414,108.79,50,108.8,40,108.81,31,108.82,3,108.85,3,108.86,30,108.87,35,108.88,51,108.89,404,108.82
TL2503,,13:39:07.800#,108.56,108.82,108.56,112.27,104.69,388,1243,108.78,414,108.79,50,108.8,35,108.81,36,108.82,3,108.85,3,108.86,30,108.87,35,108.88,51,108.89,404,108.82
TL2503,,13:39:08.300#,108.56,108.82,108.56,112.27,104.69,388,1243,108.79,50,108.8,35,108.81,36,108.82,2,108.83,2,108.85,3,108.86,30,108.87,35,108.88,51,108.89,404,108.82
TL2503,,13:39:08.800#,108.56,108.82,108.56,112.27,104.69,388,1243,108.79,229,108.8,50,108.81,36,108.82,15,108.83,2,108.85,3,108.86,25,108.87,40,108.88,46,108.89,404,108.82
TL2503,,13:39:09.300#,108.56,108.82,108.56,112.27,104.69,388,1243,108.79,309,108.8,50,108.81,41,108.82,20,108.83,3,108.85,3,108.86,25,108.87,35,108.88,41,108.89,314,108.82
TL2503,,13:39:09.800#,108.56,108.82,108.56,112.27,104.69,388,1243,108.79,309,108.8,45,108.81,36,108.82,30,108.83,3,108.85,3,108.86,25,108.87,35,108.88,41,108.89,314,108.82
TL2503,,13:39:10.300#,108.56,108.82,108.56,112.27,104.69,388,1243,108.79,404,108.8,50,108.81,41,108.82,30,108.83,3,108.85,3,108.86,25,108.87,35,108.88,41,108.89,314,108.82
TL2503,,13:39:15.800#,108.56,108.82,108.56,112.27,104.69,388,1243,108.79,404,108.8,50,108.81,41,108.82,30,108.83,13,108.85,3,108.86,25,108.87,35,108.88,41,108.89,314,108.82
TL2503,,13:39:23.800#,108.56,108.82,108.56,112.27,104.69,388,1243,108.79,404,108.8,50,108.81,41,108.82,30,108.83,13,108.85,3,108.86,20,108.87,40,108.88,41,108.89,314,108.82
TL2503,,13:39:24.300#,108.56,108.82,108.56,112.27,104.69,388,1243,108.79,404,108.8,50,108.81,41,108.82,30,108.83,13,108.85,3,108.86,15,108.87,45,108.88,41,108.89,314,108.82
TL2503,,13:39:24.800#,108.56,108.82,108.56,112.27,104.69,388,1243,108.79,404,108.8,50,108.81,41,108.82,30,108.83,13,108.85,3,108.86,5,108.87,50,108.88,41,108.89,314,108.82
TL2503,,13:39:25.300#,108.56,108.82,108.56,112.27,104.69,388,1243,108.79,404,108.8,50,108.81,41,108.82,30,108.83,13,108.85,3,108.86,5,108.87,55,108.88,41,108.89,314,108.82
TL2503,,13:39:47.800#,108.56,108.82,108.56,112.27,104.69,388,1243,108.79,404,108.8,50,108.81,41,108.82,30,108.83,12,108.85,3,108.86,5,108.87,55,108.88,41,108.89,314,108.82
TL2503,,13:39:48.300#,108.56,108.82,108.56,112.27,104.69,388,1243,108.79,404,108.8,50,108.81,41,108.82,30,108.83,12,108.85,3,108.86,10,108.87,50,108.88,41,108.89,314,108.82
TL2503,,13:39:48.800#,108.56,108.82,108.56,112.27,104.69,388,1243,108.79,404,108.8,55,108.81,36,108.82,30,108.83,10,108.85,3,108.86,10,108.87,50,108.88,41,108.89,314,108.82
TL2503,,13:39:51.300#,108.56,108.82,108.56,112.27,104.69,388,1243,108.79,409,108.8,50,108.81,36,108.82,30,108.83,10,108.85,3,108.86,10,108.87,50,108.88,41,108.89,314,108.82
TL2503,,13:39:51.800#,108.56,108.82,108.56,112.27,104.69,388,1243,108.79,404,108.8,55,108.81,36,108.82,30,108.83,10,108.85,3,108.86,10,108.87,50,108.88,41,108.89,314,108.82
TL2503,,13:39:54.800#,108.56,108.82,108.56,112.27,104.69,388,1243,108.79,404,108.8,55,108.81,36,108.82,30,108.83,10,108.85,3,108.86,5,108.87,55,108.88,41,108.89,314,108.82
TL2503,,13:39:55.300#,108.56,108.82,108.56,112.27,104.69,388,1243,108.79,404,108.8,55,108.81,36,108.82,30,108.83,10,108.85,3,108.86,10,108.87,50,108.88,41,108.89,314,108.82
TL2503,,13:39:55.800#,108.56,108.82,108.56,112.27,104.69,388,1243,108.79,404,108.8,55,108.81,36,108.82,30,108.83,10,108.85,3,108.86,5,108.87,55,108.88,41,108.89,314,108.82
TL2503,,13:39:58.800#,108.56,108.82,108.56,112.27,104.69,388,1243,108.79,404,108.8,55,108.81,36,108.82,30,108.83,10,108.85,3,108.86,10,108.87,50,108.88,41,108.89,314,108.82
TL2503,,13:40:08.800#,108.56,108.82,108.56,112.27,104.69,388,1243,108.79,404,108.8,55,108.81,36,108.82,30,108.83,10,108.85,3,108.86,5,108.87,55,108.88,41,108.89,314,108.82
TL2503,,13:40:10.800#,108.56,108.82,108.56,112.27,104.69,388,1243,108.79,404,108.8,55,108.81,36,108.82,30,108.83,10,108.85,3,108.86,10,108.87,50,108.88,41,108.89,314,108.82
TL2503,,13:40:11.300#,108.56,108.82,108.56,112.27,104.69,388,1243,108.79,404,108.8,55,108.81,36,108.82,30,108.83,10,108.85,3,108.86,5,108.87,55,108.88,41,108.89,314,108.82
TL2503,,13:40:21.300#,108.56,108.82,108.56,112.27,104.69,388,1243,108.79,404,108.8,50,108.81,41,108.82,30,108.83,10,108.85,3,108.86,5,108.87,55,108.88,41,108.89,314,108.82
TL2503,,13:40:21.800#,108.56,108.82,108.56,112.27,104.69,388,1243,108.79,404,108.8,55,108.81,36,108.82,30,108.83,10,108.85,3,108.86,5,108.87,55,108.88,41,108.89,314,108.82
TL2503,,13:40:35.800#,108.56,108.82,108.56,112.27,104.69,388,1243,108.79,404,108.8,55,108.81,36,108.82,30,108.83,10,108.85,3,108.86,10,108.87,50,108.88,41,108.89,314,108.82
TL2503,,13:40:36.300#,108.56,108.82,108.56,112.27,104.69,388,1243,108.79,404,108.8,55,108.81,36,108.82,30,108.83,10,108.85,3,108.86,5,108.87,55,108.88,41,108.89,314,108.82
TL2503,,13:40:39.300#,108.56,108.82,108.56,112.27,104.69,388,1243,108.79,404,108.8,50,108.81,41,108.82,30,108.83,10,108.85,3,108.86,5,108.87,55,108.88,41,108.89,314,108.82
TL2503,,13:40:39.800#,108.56,108.82,108.56,112.27,104.69,388,1243,108.79,404,108.8,55,108.81,36,108.82,30,108.83,10,108.85,3,108.86,5,108.87,55,108.88,41,108.89,314,108.82
TL2503,,13:40:40.300#,108.56,108.82,108.56,112.27,104.69,388,1243,108.79,404,108.8,55,108.81,36,108.82,30,108.83,10,108.85,3,108.86,10,108.87,50,108.88,41,108.89,314,108.82
TL2503,,13:40:44.300#,108.56,108.82,108.56,112.27,104.69,388,1243,108.79,404,108.8,55,108.81,36,108.82,30,108.83,10,108.85,3,108.86,5,108.87,55,108.88,41,108.89,314,108.82
TL2503,,13:40:45.800#,108.56,108.82,108.56,112.27,104.69,388,1243,108.79,404,108.8,50,108.81,41,108.82,30,108.83,12,108.85,3,108.86,5,108.87,55,108.88,41,108.89,314,108.82
TL2503,,13:40:46.800#,108.56,108.82,108.56,112.27,104.69,388,1243,108.79,404,108.8,50,108.81,41,108.82,30,108.83,13,108.85,3,108.86,5,108.87,55,108.88,41,108.89,314,108.82
TL2503,,13:41:00.800#,108.56,108.82,108.56,112.27,104.69,388,1243,108.79,404,108.8,50,108.81,41,108.82,30,108.83,12,108.85,3,108.86,5,108.87,55,108.88,41,108.89,314,108.82
TL2503,,13:41:01.300#,108.56,108.82,108.56,112.27,104.69,388,1243,108.79,404,108.8,50,108.81,41,108.82,30,108.83,12,108.85,3,108.86,5,108.87,50,108.88,41,108.89,314,108.82
TL2503,,13:41:01.800#,108.56,108.82,108.56,112.27,104.69,388,1243,108.79,404,108.8,50,108.81,41,108.82,30,108.83,12,108.85,3,108.86,5,108.87,55,108.88,41,108.89,314,108.82
TL2503,,13:41:13.300#,108.56,108.82,108.56,112.27,104.69,388,1243,108.79,404,108.8,55,108.81,36,108.82,30,108.83,10,108.85,3,108.86,5,108.87,55,108.88,41,108.89,314,108.82
TL2503,,13:41:20.800#,108.56,108.82,108.56,112.27,104.69,388,1243,108.79,404,108.8,55,108.81,36,108.82,30,108.83,10,108.85,3,108.86,5,108.87,55,108.88,41,108.89,314,108.82
TL2503,,13:41:21.300#,108.56,108.82,108.56,112.27,104.69,388,1243,108.79,404,108.8,50,108.81,41,108.82,30,108.83,12,108.85,3,108.86,5,108.87,55,108.88,41,108.89,314,108.82
TL2503,,13:41:21.800#,108.56,108.82,108.56,112.27,104.69,388,1243,108.79,404,108.8,55,108.81,36,108.82,30,108.83,11,108.85,3,108.86,5,108.87,55,108.88,41,108.89,314,108.82
TL2503,,13:41:22.300#,108.56,108.82,108.56,112.27,104.69,388,1243,108.79,404,108.8,55,108.81,36,108.82,30,108.83,10,108.85,3,108.86,10,108.87,50,108.88,41,108.89,314,108.82
TL2503,,13:41:23.300#,108.56,108.82,108.56,112.27,104.69,388,1243,108.79,404,108.8,55,108.81,36,108.82,30,108.83,10,108.85,3,108.86,5,108.87,55,108.88,41,108.89,314,108.82
TL2503,,13:41:23.800#,108.56,108.82,108.56,112.27,104.69,388,1243,108.79,404,108.8,55,108.81,36,108.82,30,108.83,10,108.85,3,108.86,10,108.87,50,108.88,41,108.89,314,108.82
TL2503,,13:41:26.300#,108.56,108.82,108.56,112.27,104.69,388,1243,108.79,404,108.8,55,108.81,36,108.82,30,108.83,10,108.85,3,108.86,5,108.87,55,108.88,41,108.89,314,108.82
TL2503,,13:41:28.800#,108.56,108.82,108.56,112.27,104.69,388,1243,108.79,404,108.8,55,108.81,36,108.82,30,108.83,10,108.85,3,108.86,10,108.87,50,108.88,41,108.89,314,108.82
TL2503,,13:41:30.300#,108.56,108.82,108.56,112.27,104.69,388,1243,108.79,404,108.8,55,108.81,36,108.82,30,108.83,10,108.85,3,108.86,5,108.87,55,108.88,41,108.89,314,108.82
TL2503,,13:41:30.800#,108.56,108.82,108.56,112.27,104.69,388,1243,108.79,404,108.8,55,108.81,36,108.82,30,108.83,10,108.85,3,108.86,10,108.87,50,108.88,41,108.89,314,108.82
TL2503,,13:41:35.300#,108.56,108.82,108.56,112.27,104.69,388,1243,108.79,404,108.8,55,108.81,36,108.82,30,108.83,10,108.85,3,108.86,10,108.87,50,108.88,41,108.89,315,108.82
TL2503,,13:41:42.300#,108.56,108.82,108.56,112.27,104.69,388,1243,108.79,404,108.8,55,108.81,36,108.82,30,108.83,10,108.85,3,108.86,5,108.87,55,108.88,41,108.89,315,108.82
TL2503,,13:41:43.800#,108.56,108.82,108.56,112.27,104.69,388,1243,108.79,404,108.8,50,108.81,41,108.82,30,108.83,12,108.85,3,108.86,5,108.87,55,108.88,41,108.89,314,108.82
TL2503,,13:41:44.300#,108.56,108.82,108.56,112.27,104.69,388,1243,108.79,404,108.8,50,108.81,41,108.82,30,108.83,13,108.85,3,108.86,5,108.87,55,108.88,41,108.89,314,108.82
TL2503,,13:41:44.800#,108.56,108.82,108.56,112.27,104.69,388,1243,108.79,404,108.8,50,108.81,41,108.82,30,108.83,11,108.85,3,108.86,5,108.87,55,108.88,41,108.89,314,108.82
TL2503,,13:41:45.300#,108.56,108.82,108.56,112.27,104.69,388,1243,108.79,404,108.8,55,108.81,36,108.82,30,108.83,11,108.85,3,108.86,5,108.87,55,108.88,41,108.89,314,108.82
TL2503,,13:41:45.800#,108.56,108.82,108.56,112.27,104.69,388,1243,108.79,404,108.8,50,108.81,41,108.82,30,108.83,13,108.85,3,108.86,5,108.87,55,108.88,41,108.89,314,108.82
TL2503,,13:41:59.800#,108.56,108.82,108.56,112.27,104.69,388,1243,108.79,404,108.8,55,108.81,36,108.82,30,108.83,11,108.85,3,108.86,10,108.87,50,108.88,41,108.89,314,108.82
TL2503,,13:42:00.300#,108.56,108.82,108.56,112.27,104.69,388,1243,108.79,404,108.8,50,108.81,41,108.82,30,108.83,10,108.85,3,108.86,5,108.87,55,108.88,41,108.89,314,108.82
TL2503,,13:42:02.800#,108.56,108.82,108.56,112.27,104.69,388,1243,108.79,404,108.8,55,108.81,36,108.82,30,108.83,10,108.85,3,108.86,10,108.87,50,108.88,41,108.89,314,108.82
TL2503,,13:42:13.800#,108.56,108.82,108.56,112.27,104.69,388,1243,108.79,404,108.8,55,108.81,36,108.82,30,108.83,10,108.85,3,108.86,5,108.87,55,108.88,41,108.89,314,108.82
TL2503,,13:42:14.300#,108.56,108.82,108.56,112.27,104.69,388,1243,108.79,404,108.8,55,108.81,31,108.82,30,108.83,10,108.85,3,108.86,5,108.87,55,108.88,41,108.89,314,108.82
TL2503,,13:42:17.300#,108.56,108.82,108.56,112.27,104.69,388,1243,108.79,409,108.8,50,108.81,36,108.82,30,108.83,10,108.85,3,108.86,10,108.87,50,108.88,41,108.89,314,108.82
TL2503,,13:42:17.800#,108.56,108.82,108.56,112.27,104.69,388,1243,108.79,404,108.8,55,108.81,36,108.82,30,108.83,10,108.85,3,108.86,10,108.87,50,108.88,41,108.89,314,108.82
TL2503,,13:42:23.800#,108.56,108.82,108.56,112.27,104.69,388,1243,108.79,404,108.8,55,108.81,36,108.82,30,108.83,10,108.85,3,108.86,5,108.87,55,108.88,41,108.89,314,108.82
TL2503,,13:42:25.800#,108.56,108.82,108.56,112.27,104.69,388,1243,108.78,15,108.79,404,108.8,55,108.81,36,108.82,30,108.85,3,108.86,5,108.87,55,108.88,41,108.89,314,108.82
TL2503,,13:42:26.300#,108.56,108.82,108.56,112.27,104.69,388,1243,108.78,414,108.79,45,108.8,35,108.81,36,108.82,3,108.85,3,108.86,10,108.87,50,108.88,46,108.89,309,108.82
TL2503,,13:42:26.800#,108.56,108.82,108.56,112.27,104.69,388,1243,108.78,414,108.79,45,108.8,40,108.81,31,108.82,3,108.85,3,108.86,10,108.87,50,108.88,46,108.89,309,108.82
TL2503,,13:42:31.300#,108.56,108.82,108.56,112.27,104.69,388,1243,108.78,414,108.79,55,108.8,35,108.81,31,108.82,1,108.85,3,108.86,15,108.87,45,108.88,46,108.89,309,108.82
TL2503,,13:42:31.800#,108.56,108.82,108.56,112.27,104.69,388,1243,108.77,5,108.78,414,108.79,55,108.8,35,108.81,31,108.85,3,108.86,20,108.87,40,108.88,46,108.89,309,108.82
TL2503,,13:42:32.300#,108.56,108.82,108.56,112.27,104.69,388,1243,108.77,404,108.78,50,108.79,40,108.8,30,108.81,9,108.85,5,108.86,25,108.87,35,108.88,46,108.89,309,108.82
TL2503,,13:42:32.800#,108.56,108.82,108.56,112.27,104.69,388,1243,108.77,404,108.78,50,108.79,50,108.8,25,108.81,9,108.85,5,108.86,25,108.87,40,108.88,51,108.89,404,108.82
TL2503,,13:42:34.800#,108.56,108.82,108.56,112.27,104.69,388,1243,108.77,404,108.78,50,108.79,50,108.8,25,108.81,9,108.85,5,108.86,30,108.87,35,108.88,51,108.89,404,108.82
TL2503,,13:42:35.300#,108.56,108.82,108.56,112.27,104.69,388,1243,108.77,404,108.78,50,108.79,50,108.8,25,108.81,9,108.85,3,108.86,30,108.87,35,108.88,51,108.89,404,108.82
TL2503,,13:42:36.300#,108.56,108.82,108.56,112.27,104.69,388,1243,108.77,404,108.78,50,108.79,45,108.8,30,108.81,9,108.85,3,108.86,30,108.87,35,108.88,46,108.89,404,108.82
TL2503,,13:42:36.800#,108.56,108.82,108.56,112.27,104.69,388,1243,108.77,404,108.78,50,108.79,45,108.8,30,108.81,9,108.85,3,108.86,30,108.87,35,108.88,51,108.89,404,108.82
TL2503,,13:42:45.800#,108.56,108.82,108.56,112.27,104.69,388,1243,108.77,404,108.78,50,108.79,50,108.8,25,108.81,9,108.85,4,108.86,25,108.87,40,108.88,51,108.89,404,108.82
TL2503,,13:42:46.300#,108.56,108.82,108.56,112.27,104.69,388,1243,108.77,404,108.78,50,108.79,50,108.8,25,108.81,9,108.85,5,108.86,30,108.87,30,108.88,46,108.89,309,108.82
TL2503,,13:42:46.800#,108.56,108.82,108.56,112.27,104.69,388,1243,108.77,404,108.78,50,108.79,50,108.8,25,108.81,9,108.85,5,108.86,30,108.87,35,108.88,51,108.89,404,108.82
TL2503,,13:42:47.300#,108.56,108.82,108.56,112.27,104.69,388,1243,108.77,404,108.78,50,108.79,50,108.8,25,108.81,9,108.85,5,108.86,30,108.87,35,108.88,46,108.89,404,108.82
TL2503,,13:42:47.800#,108.56,108.82,108.56,112.27,104.69,388,1243,108.77,404,108.78,50,108.79,50,108.8,25,108.81,9,108.85,5,108.86,30,108.87,35,108.88,51,108.89,404,108.82
TL2503,,13:42:52.300#,108.56,108.82,108.56,112.27,104.69,388,1243,108.77,404,108.78,50,108.79,50,108.8,25,108.81,9,108.85,3,108.86,30,108.87,35,108.88,51,108.89,404,108.82
TL2503,,13:42:52.800#,108.56,108.82,108.56,112.27,104.69,388,1243,108.77,404,108.78,50,108.79,50,108.8,25,108.81,9,108.85,5,108.86,30,108.87,35,108.88,51,108.89,404,108.82
TL2503,,13:42:53.300#,108.56,108.82,108.56,112.27,104.69,388,1243,108.77,404,108.78,50,108.79,50,108.8,25,108.81,9,108.85,7,108.86,30,108.87,35,108.88,51,108.89,404,108.82
TL2503,,13:42:58.800#,108.56,108.82,108.56,112.27,104.69,388,1243,108.77,404,108.78,50,108.79,50,108.8,25,108.81,9,108.85,6,108.86,30,108.87,35,108.88,51,108.89,404,108.82
TL2503,,13:42:59.300#,108.56,108.82,108.56,112.27,104.69,388,1243,108.77,404,108.78,50,108.79,50,108.8,25,108.81,9,108.85,7,108.86,30,108.87,35,108.88,51,108.89,404,108.82
TL2503,,13:43:03.800#,108.56,108.82,108.56,112.27,104.69,388,1243,108.77,404,108.78,50,108.79,50,108.8,25,108.81,9,108.85,5,108.86,30,108.87,35,108.88,51,108.89,404,108.82
TL2503,,13:43:07.800#,108.56,108.82,108.56,112.27,104.69,388,1243,108.78,50,108.79,50,108.8,25,108.81,9,108.82,1,108.85,5,108.86,30,108.87,35,108.88,51,108.89,404,108.82
TL2503,,13:43:08.300#,108.56,108.82,108.56,112.27,104.69,388,1243,108.78,319,108.79,60,108.8,35,108.81,18,108.82,1,108.85,7,108.86,30,108.87,35,108.88,51,108.89,404,108.82
TL2503,,13:43:08.800#,108.56,108.82,108.56,112.27,104.69,388,1243,108.78,319,108.79,55,108.8,25,108.81,33,108.82,1,108.85,7,108.86,30,108.87,35,108.88,51,108.89,404,108.82
TL2503,,13:43:09.300#,108.56,108.82,108.56,112.27,104.69,388,1243,108.78,414,108.79,55,108.8,35,108.81,33,108.82,1,108.85,7,108.86,30,108.87,35,108.88,51,108.89,404,108.82
TL2503,,13:43:21.300#,108.56,108.82,108.56,112.27,104.69,388,1243,108.78,414,108.79,55,108.8,35,108.81,33,108.82,1,108.85,5,108.86,30,108.87,35,108.88,51,108.89,404,108.82
TL2503,,13:43:46.800#,108.56,108.82,108.56,112.27,104.69,388,1243,108.78,414,108.79,50,108.8,40,108.81,34,108.82,2,108.85,3,108.86,30,108.87,35,108.88,51,108.89,404,108.82
TL2503,,13:44:06.300#,108.56,108.82,108.56,112.27,104.69,388,1243,108.78,414,108.79,50,108.8,35,108.81,37,108.82,4,108.85,3,108.86,25,108.87,40,108.88,51,108.89,404,108.82
TL2503,,13:44:06.800#,108.56,108.82,108.56,112.27,104.69,388,1243,108.78,414,108.79,50,108.8,40,108.81,32,108.82,4,108.85,3,108.86,25,108.87,30,108.88,46,108.89,309,108.82
TL2503,,13:44:07.300#,108.56,108.82,108.56,112.27,104.69,388,1243,108.78,414,108.79,50,108.8,40,108.81,32,108.82,4,108.85,3,108.86,30,108.87,30,108.88,46,108.89,309,108.82
TL2503,,13:44:07.800#,108.56,108.82,108.56,112.27,104.69,388,1243,108.78,414,108.79,50,108.8,35,108.81,37,108.82,4,108.85,3,108.86,25,108.87,40,108.88,51,108.89,404,108.82
TL2503,,13:44:08.300#,108.56,108.82,108.56,112.27,104.69,388,1243,108.78,414,108.79,50,108.8,40,108.81,32,108.82,4,108.85,3,108.86,25,108.87,35,108.88,46,108.89,309,108.82
TL2503,,13:44:09.300#,108.56,108.82,108.56,112.27,104.69,388,1243,108.78,414,108.79,50,108.8,40,108.81,32,108.82,4,108.85,3,108.86,30,108.87,30,108.88,46,108.89,309,108.82
TL2503,,13:44:09.800#,108.56,108.82,108.56,112.27,104.69,388,1243,108.78,414,108.79,50,108.8,40,108.81,32,108.82,4,108.85,3,108.86,30,108.87,35,108.88,51,108.89,404,108.82
TL2503,,13:44:11.300#,108.56,108.82,108.56,112.27,104.69,388,1243,108.78,414,108.79,50,108.8,40,108.81,32,108.82,4,108.85,3,108.86,25,108.87,40,108.88,51,108.89,404,108.82
TL2503,,13:44:11.800#,108.56,108.82,108.56,112.27,104.69,388,1243,108.78,414,108.79,50,108.8,40,108.81,32,108.82,4,108.85,3,108.86,30,108.87,30,108.88,46,108.89,309,108.82
TL2503,,13:44:12.300#,108.56,108.82,108.56,112.27,104.69,388,1243,108.78,414,108.79,50,108.8,40,108.81,32,108.82,4,108.85,3,108.86,30,108.87,35,108.88,51,108.89,404,108.82
TL2503,,13:44:27.300#,108.56,108.82,108.56,112.27,104.69,388,1243,108.78,414,108.79,55,108.8,35,108.81,32,108.82,2,108.85,3,108.86,30,108.87,35,108.88,51,108.89,404,108.82
TL2503,,13:44:27.800#,108.56,108.82,108.56,112.27,104.69,388,1243,108.78,414,108.79,55,108.8,35,108.81,32,108.82,2,108.85,5,108.86,30,108.87,35,108.88,51,108.89,404,108.82
TL2503,,13:44:28.300#,108.56,108.82,108.56,112.27,104.69,388,1243,108.78,414,108.79,55,108.8,35,108.81,32,108.82,1,108.85,5,108.86,30,108.87,35,108.88,51,108.89,404,108.82
TL2503,,13:44:45.300#,108.56,108.82,108.56,112.27,104.69,388,1243,108.78,414,108.79,50,108.8,40,108.81,32,108.82,1,108.85,5,108.86,30,108.87,35,108.88,51,108.89,404,108.82
TL2503,,13:44:45.800#,108.56,108.82,108.56,112.27,104.69,388,1243,108.78,414,108.79,55,108.8,35,108.81,32,108.82,1,108.85,5,108.86,30,108.87,35,108.88,51,108.89,404,108.82
TL2503,,13:44:46.300#,108.56,108.82,108.56,112.27,104.69,388,1243,108.78,414,108.79,55,108.8,35,108.81,32,108.82,1,108.85,5,108.86,30,108.87,35,108.88,46,108.89,404,108.82
TL2503,,13:44:46.800#,108.56,108.82,108.56,112.27,104.69,388,1243,108.78,414,108.79,50,108.8,40,108.81,32,108.82,1,108.85,5,108.86,30,108.87,35,108.88,51,108.89,404,108.82
TL2503,,13:44:47.300#,108.56,108.82,108.56,112.27,104.69,388,1243,108.78,414,108.79,55,108.8,35,108.81,32,108.82,1,108.85,5,108.86,30,108.87,35,108.88,51,108.89,404,108.82
TL2503,,13:44:47.800#,108.56,108.82,108.56,112.27,104.69,388,1243,108.78,414,108.79,50,108.8,40,108.81,32,108.82,1,108.85,5,108.86,30,108.87,35,108.88,51,108.89,404,108.82
TL2503,,13:44:49.800#,108.56,108.82,108.56,112.27,104.69,388,1243,108.78,414,108.79,50,108.8,40,108.81,32,108.82,2,108.85,5,108.86,30,108.87,35,108.88,51,108.89,404,108.82
TL2503,,13:44:50.300#,108.56,108.82,108.56,112.27,104.69,388,1243,108.78,414,108.79,50,108.8,40,108.81,32,108.82,2,108.85,5,108.86,25,108.87,40,108.88,51,108.89,404,108.82
TL2503,,13:44:52.800#,108.56,108.82,108.56,112.27,104.69,388,1243,108.78,414,108.79,50,108.8,40,108.81,32,108.82,2,108.85,5,108.86,30,108.87,35,108.88,51,108.89,404,108.82
TL2503,,13:45:02.300#,108.56,108.82,108.56,112.27,104.69,388,1243,108.78,414,108.79,50,108.8,35,108.81,37,108.82,4,108.85,3,108.86,25,108.87,40,108.88,51,108.89,404,108.82
TL2503,,13:45:02.800#,108.56,108.82,108.56,112.27,104.69,388,1243,108.78,414,108.79,50,108.8,40,108.81,32,108.82,4,108.85,3,108.86,25,108.87,35,108.88,46,108.89,309,108.82
TL2503,,13:45:03.300#,108.56,108.82,108.56,112.27,104.69,388,1243,108.78,414,108.79,50,108.8,35,108.81,37,108.82,4,108.85,3,108.86,25,108.87,35,108.88,41,108.89,309,108.82
TL2503,,13:45:03.800#,108.56,108.82,108.56,112.27,104.69,388,1243,108.79,50,108.8,35,108.81,37,108.82,3,108.83,1,108.85,3,108.86,25,108.87,35,108.88,46,108.89,309,108.82
TL2503,,13:45:04.300#,108.56,108.82,108.56,112.27,104.69,388,1243,108.79,314,108.8,50,108.81,36,108.82,20,108.83,3,108.85,3,108.86,20,108.87,35,108.88,41,108.89,314,108.82
TL2503,,13:45:04.800#,108.56,108.82,108.56,112.27,104.69,388,1243,108.8,50,108.81,26,108.82,35,108.83,4,108.84,1,108.85,3,108.86,15,108.87,40,108.88,46,108.89,314,108.82
TL2503,,13:45:05.300#,108.56,108.85,108.56,112.27,104.69,391,1243,108.8,319,108.81,46,108.82,40,108.83,16,108.84,3,108.86,5,108.87,45,108.88,36,108.89,319,108.9,119,108.85
TL2503,,13:45:05.800#,108.56,108.85,108.56,112.27,104.69,391,1243,108.81,51,108.82,30,108.83,31,108.84,1,108.85,1,108.87,30,108.88,31,108.89,50,108.9,418,108.91,5,108.85
TL2503,,13:45:06.300#,108.56,108.85,108.56,112.27,104.69,391,1243,108.81,235,108.82,45,108.83,36,108.84,15,108.85,1,108.87,5,108.88,26,108.89,35,108.9,49,108.91,409,108.85
TL2503,,13:45:06.800#,108.56,108.85,108.56,112.27,104.69,391,1243,108.81,316,108.82,50,108.83,35,108.84,20,108.85,3,108.87,5,108.88,21,108.89,40,108.9,49,108.91,409,108.85
TL2503,,13:45:07.300#,108.56,108.85,108.56,112.27,104.69,391,1243,108.81,311,108.82,45,108.83,40,108.84,25,108.85,2,108.88,21,108.89,40,108.9,49,108.91,314,108.92,110,108.85
TL2503,,13:45:07.800#,108.56,108.85,108.56,112.27,104.69,391,1243,108.81,310,108.82,50,108.83,30,108.84,30,108.85,1,108.88,8,108.89,30,108.9,39,108.91,45,108.92,404,108.85
TL2503,,13:45:08.300#,108.56,108.85,108.56,112.27,104.69,391,1243,108.81,405,108.82,50,108.83,35,108.84,30,108.85,1,108.88,3,108.89,35,108.9,39,108.91,45,108.92,404,108.85
TL2503,,13:45:08.800#,108.56,108.85,108.56,112.27,104.69,391,1243,108.81,405,108.82,50,108.83,40,108.84,30,108.85,2,108.88,3,108.89,35,108.9,39,108.91,50,108.92,404,108.85
TL2503,,13:45:09.300#,108.56,108.85,108.56,112.27,104.69,391,1243,108.81,405,108.82,50,108.83,40,108.84,30,108.85,2,108.88,3,108.89,30,108.9,44,108.91,50,108.92,404,108.85
TL2503,,13:45:10.800#,108.56,108.85,108.56,112.27,104.69,391,1243,108.81,405,108.82,50,108.83,35,108.84,35,108.85,5,108.88,1,108.89,30,108.9,44,108.91,50,108.92,404,108.85
TL2503,,13:45:11.300#,108.56,108.85,108.56,112.27,104.69,391,1243,108.81,405,108.82,50,108.83,35,108.84,35,108.85,3,108.88,1,108.89,30,108.9,44,108.91,50,108.92,404,108.85
TL2503,,13:45:12.300#,108.56,108.85,108.56,112.27,104.69,391,1243,108.81,405,108.82,50,108.83,40,108.84,30,108.85,3,108.88,1,108.89,25,108.9,49,108.91,50,108.92,404,108.85
TL2503,,13:45:12.800#,108.56,108.85,108.56,112.27,104.69,391,1243,108.81,405,108.82,50,108.83,35,108.84,35,108.85,3,108.88,1,108.89,30,108.9,39,108.91,45,108.92,309,108.85
TL2503,,13:45:13.800#,108.56,108.85,108.56,112.27,104.69,391,1243,108.81,405,108.82,50,108.83,40,108.84,30,108.85,3,108.88,1,108.89,30,108.9,44,108.91,50,108.92,404,108.85
TL2503,,13:45:14.300#,108.56,108.85,108.56,112.27,104.69,391,1243,108.81,405,108.82,50,108.83,35,108.84,35,108.85,5,108.88,1,108.89,30,108.9,44,108.91,45,108.92,404,108.85
TL2503,,13:45:14.800#,108.56,108.85,108.56,112.27,104.69,391,1243,108.81,405,108.82,50,108.83,35,108.84,35,108.85,5,108.88,1,108.89,30,108.9,44,108.91,50,108.92,404,108.85
TL2503,,13:45:16.800#,108.56,108.85,108.56,112.27,104.69,391,1243,108.81,405,108.82,50,108.83,35,108.84,35,108.85,3,108.88,1,108.89,30,108.9,44,108.91,50,108.92,404,108.85
TL2503,,13:45:17.300#,108.56,108.85,108.56,112.27,104.69,391,1243,108.81,405,108.82,50,108.83,40,108.84,30,108.85,3,108.88,1,108.89,30,108.9,44,108.91,50,108.92,404,108.85
TL2503,,13:45:20.300#,108.56,108.85,108.56,112.27,104.69,391,1243,108.81,405,108.82,50,108.83,35,108.84,35,108.85,5,108.88,1,108.89,30,108.9,44,108.91,50,108.92,404,108.85
TL2503,,13:45:21.300#,108.56,108.85,108.56,112.27,104.69,391,1243,108.81,405,108.82,50,108.83,40,108.84,30,108.85,3,108.88,1,108.89,30,108.9,44,108.91,50,108.92,404,108.85
TL2503,,13:45:21.800#,108.56,108.85,108.56,112.27,104.69,391,1243,108.81,405,108.82,50,108.83,35,108.84,35,108.85,3,108.88,1,108.89,30,108.9,44,108.91,50,108.92,404,108.85
TL2503,,13:45:24.300#,108.56,108.88,108.56,112.27,104.69,392,1244,108.81,405,108.82,50,108.83,35,108.84,35,108.85,5,108.89,30,108.9,44,108.91,50,108.92,404,108.93,5,108.88
TL2503,,13:45:24.800#,108.56,108.88,108.56,112.27,104.69,392,1244,108.81,405,108.82,45,108.83,40,108.84,25,108.85,8,108.89,2,108.9,44,108.91,30,108.92,40,108.93,404,108.88
TL2503,,13:45:25.300#,108.56,108.88,108.56,112.27,104.69,392,1244,108.81,405,108.82,45,108.83,45,108.84,25,108.85,8,108.89,4,108.9,39,108.91,40,108.92,45,108.93,404,108.88
TL2503,,13:45:25.800#,108.56,108.88,108.56,112.27,104.69,392,1244,108.81,405,108.82,45,108.83,45,108.84,25,108.85,7,108.89,4,108.9,39,108.91,40,108.92,45,108.93,404,108.88
TL2503,,13:45:27.300#,108.56,108.88,108.56,112.27,104.69,392,1244,108.81,405,108.82,45,108.83,45,108.84,25,108.85,7,108.89,2,108.9,39,108.91,40,108.92,45,108.93,404,108.88
TL2503,,13:45:27.800#,108.56,108.88,108.56,112.27,104.69,392,1244,108.81,405,108.82,45,108.83,40,108.84,30,108.85,10,108.89,1,108.9,39,108.91,40,108.92,45,108.93,404,108.88
TL2503,,13:45:29.300#,108.56,108.88,108.56,112.27,104.69,392,1244,108.81,405,108.82,45,108.83,45,108.84,25,108.85,8,108.89,2,108.9,39,108.91,40,108.92,45,108.93,404,108.88
TL2503,,13:45:30.800#,108.56,108.88,108.56,112.27,104.69,392,1244,108.81,405,108.82,45,108.83,45,108.84,25,108.85,8,108.89,3,108.9,39,108.91,40,108.92,45,108.93,404,108.88
TL2503,,13:45:31.300#,108.56,108.88,108.56,112.27,104.69,392,1244,108.81,405,108.82,45,108.83,45,108.84,25,108.85,8,108.89,4,108.9,39,108.91,40,108.92,45,108.93,404,108.88
TL2503,,13:45:32.800#,108.56,108.88,108.56,112.27,104.69,392,1244,108.81,405,108.82,45,108.83,45,108.84,25,108.85,7,108.89,4,108.9,39,108.91,40,108.92,45,108.93,404,108.88
TL2503,,13:45:37.300#,108.56,108.88,108.56,112.27,104.69,392,1244,108.81,405,108.82,50,108.83,40,108.84,25,108.85,6,108.88,1,108.89,4,108.9,39,108.91,40,108.92,45,108.88
TL2503,,13:45:37.800#,108.56,108.88,108.56,112.27,104.69,392,1244,108.81,405,108.82,55,108.83,35,108.84,30,108.85,1,108.88,3,108.89,15,108.9,39,108.91,55,108.92,309,108.88
TL2503,,13:45:38.300#,108.56,108.88,108.56,112.27,104.69,392,1244,108.81,405,108.82,55,108.83,35,108.84,30,108.85,1,108.88,5,108.89,20,108.9,44,108.91,50,108.92,309,108.88
TL2503,,13:45:38.800#,108.56,108.88,108.56,112.27,104.69,392,1244,108.81,405,108.82,55,108.83,35,108.84,30,108.85,1,108.88,5,108.89,30,108.9,34,108.91,50,108.92,309,108.88
TL2503,,13:45:39.300#,108.56,108.88,108.56,112.27,104.69,392,1244,108.81,405,108.82,55,108.83,35,108.84,30,108.85,1,108.88,5,108.89,30,108.9,44,108.91,50,108.92,404,108.88
TL2503,,13:45:40.800#,108.56,108.88,108.56,112.27,104.69,392,1244,108.81,405,108.82,55,108.83,35,108.84,30,108.85,1,108.88,3,108.89,30,108.9,44,108.91,50,108.92,404,108.88
TL2503,,13:45:41.300#,108.56,108.88,108.56,112.27,104.69,392,1244,108.81,405,108.82,55,108.83,35,108.84,30,108.85,1,108.88,5,108.89,30,108.9,44,108.91,50,108.92,404,108.88
TL2503,,13:45:45.800#,108.56,108.88,108.56,112.27,104.69,392,1244,108.8,405,108.81,41,108.82,40,108.83,30,108.84,5,108.88,5,108.89,30,108.9,44,108.91,50,108.92,404,108.88
TL2503,,13:45:46.300#,108.56,108.88,108.56,112.27,104.69,392,1244,108.8,405,108.81,41,108.82,45,108.83,30,108.84,5,108.88,5,108.89,30,108.9,44,108.91,50,108.92,404,108.88
TL2503,,13:45:46.800#,108.56,108.88,108.56,112.27,104.69,392,1244,108.8,404,108.81,46,108.82,40,108.83,30,108.84,5,108.88,5,108.89,30,108.9,44,108.91,50,108.92,404,108.88
TL2503,,13:45:47.300#,108.56,108.88,108.56,112.27,104.69,392,1244,108.8,404,108.81,46,108.82,45,108.83,25,108.84,5,108.88,5,108.89,30,108.9,44,108.91,50,108.92,404,108.88
TL2503,,13:45:47.800#,108.56,108.88,108.56,112.27,104.69,392,1244,108.8,404,108.81,41,108.82,50,108.83,25,108.84,5,108.88,5,108.89,30,108.9,44,108.91,50,108.92,404,108.88
TL2503,,13:45:48.300#,108.56,108.88,108.56,112.27,104.69,392,1244,108.8,404,108.81,46,108.82,45,108.83,25,108.84,5,108.88,3,108.89,30,108.9,44,108.91,50,108.92,404,108.88
TL2503,,13:45:48.800#,108.56,108.88,108.56,112.27,104.69,392,1244,108.8,404,108.81,46,108.82,45,108.83,25,108.84,5,108.88,5,108.89,30,108.9,44,108.91,50,108.92,404,108.88
TL2503,,13:45:53.800#,108.56,108.88,108.56,112.27,104.69,392,1244,108.8,404,108.81,46,108.82,45,108.83,25,108.84,5,108.88,3,108.89,30,108.9,44,108.91,50,108.92,404,108.88
TL2503,,13:45:54.300#,108.56,108.88,108.56,112.27,104.69,392,1244,108.8,404,108.81,46,108.82,45,108.83,25,108.84,5,108.87,1,108.88,6,108.89,30,108.9,44,108.91,50,108.88
TL2503,,13:45:54.800#,108.56,108.88,108.56,112.27,104.69,392,1244,108.79,6,108.8,404,108.81,51,108.82,40,108.83,30,108.87,3,108.88,18,108.89,30,108.9,59,108.91,314,108.88
TL2503,,13:45:55.300#,108.56,108.88,108.56,112.27,104.69,392,1244,108.8,40,108.81,36,108.82,30,108.83,9,108.84,1,108.87,1,108.88,28,108.89,30,108.9,59,108.91,309,108.88
TL2503,,13:45:55.800#,108.56,108.88,108.56,112.27,104.69,392,1244,108.8,314,108.81,56,108.82,35,108.83,16,108.84,1,108.87,2,108.88,33,108.89,30,108.9,54,108.91,309,108.88
TL2503,,13:45:56.800#,108.56,108.88,108.56,112.27,104.69,392,1244,108.8,309,108.81,51,108.82,30,108.83,31,108.84,1,108.87,2,108.88,33,108.89,35,108.9,59,108.91,404,108.88
TL2503,,13:45:57.300#,108.56,108.88,108.56,112.27,104.69,392,1244,108.8,404,108.81,51,108.82,40,108.83,31,108.84,1,108.87,1,108.88,30,108.89,35,108.9,59,108.91,404,108.88
TL2503,,13:45:57.800#,108.56,108.88,108.56,112.27,104.69,392,1244,108.8,404,108.81,56,108.82,35,108.83,31,108.84,1,108.87,2,108.88,30,108.89,35,108.9,59,108.91,404,108.88
TL2503,,13:45:58.300#,108.56,108.88,108.56,112.27,104.69,392,1244,108.8,404,108.81,51,108.82,40,108.83,31,108.84,1,108.87,1,108.88,30,108.89,35,108.9,54,108.91,404,108.88
TL2503,,13:45:58.800#,108.56,108.88,108.56,112.27,104.69,392,1244,108.8,404,108.81,51,108.82,40,108.83,31,108.84,1,108.87,2,108.88,30,108.89,35,108.9,59,108.91,404,108.88
TL2503,,13:45:59.300#,108.56,108.88,108.56,112.27,104.69,392,1244,108.8,404,108.81,56,108.82,35,108.83,31,108.84,1,108.87,2,108.88,30,108.89,35,108.9,59,108.91,404,108.88
TL2503,,13:46:00.300#,108.56,108.88,108.56,112.27,104.69,392,1244,108.8,404,108.81,56,108.82,35,108.83,31,108.84,1,108.87,3,108.88,30,108.89,35,108.9,59,108.91,404,108.88
TL2503,,13:46:00.800#,108.56,108.88,108.56,112.27,104.69,392,1244,108.8,404,108.81,56,108.82,35,108.83,26,108.84,1,108.87,4,108.88,25,108.89,35,108.9,59,108.91,404,108.88
TL2503,,13:46:01.300#,108.56,108.88,108.56,112.27,104.69,392,1244,108.79,111,108.8,309,108.81,51,108.82,35,108.83,26,108.87,3,108.88,25,108.89,30,108.9,59,108.91,309,108.88
TL2503,,13:46:01.800#,108.56,108.88,108.56,112.27,104.69,392,1244,108.8,40,108.81,41,108.82,30,108.83,7,108.84,1,108.87,3,108.88,25,108.89,30,108.9,59,108.91,309,108.88
TL2503,,13:46:02.300#,108.56,108.88,108.56,112.27,104.69,392,1244,108.8,309,108.81,61,108.82,35,108.83,16,108.84,1,108.87,3,108.88,25,108.89,30,108.9,59,108.91,309,108.88
TL2503,,13:46:02.800#,108.56,108.88,108.56,112.27,104.69,392,1244,108.8,309,108.81,61,108.82,30,108.83,21,108.84,1,108.87,3,108.88,25,108.89,30,108.9,59,108.91,309,108.88
TL2503,,13:46:03.300#,108.56,108.88,108.56,112.27,104.69,392,1244,108.8,309,108.81,56,108.82,30,108.83,26,108.84,1,108.87,3,108.88,25,108.89,30,108.9,59,108.91,309,108.88
TL2503,,13:46:03.800#,108.56,108.88,108.56,112.27,104.69,392,1244,108.8,309,108.81,51,108.82,35,108.83,26,108.84,1,108.87,2,108.88,25,108.89,30,108.9,59,108.91,309,108.88
TL2503,,13:46:04.300#,108.56,108.88,108.56,112.27,104.69,392,1244,108.8,309,108.81,51,108.82,35,108.83,26,108.84,1,108.87,3,108.88,25,108.89,30,108.9,59,108.91,309,108.88
TL2503,,13:46:07.800#,108.56,108.88,108.56,112.27,104.69,392,1244,108.8,309,108.81,51,108.82,35,108.83,26,108.84,1,108.87,4,108.88,25,108.89,30,108.9,59,108.91,309,108.88
TL2503,,13:46:12.300#,108.56,108.88,108.56,112.27,104.69,392,1244,108.8,309,108.81,51,108.82,35,108.83,26,108.84,1,108.87,2,108.88,25,108.89,30,108.9,59,108.91,309,108.88
TL2503,,13:46:12.800#,108.56,108.88,108.56,112.27,104.69,392,1244,108.8,309,108.81,51,108.82,40,108.83,21,108.84,1,108.87,4,108.88,25,108.89,30,108.9,59,108.91,309,108.88
TL2503,,13:46:13.300#,108.56,108.88,108.56,112.27,104.69,392,1244,108.8,309,108.81,51,108.82,45,108.83,16,108.84,1,108.87,4,108.88,25,108.89,30,108.9,59,108.91,309,108.88
TL2503,,13:46:13.800#,108.56,108.88,108.56,112.27,104.69,392,1244,108.8,309,108.81,51,108.82,45,108.83,11,108.84,1,108.87,4,108.88,25,108.89,30,108.9,59,108.91,309,108.88
TL2503,,13:46:14.300#,108.56,108.88,108.56,112.27,104.69,392,1244,108.8,309,108.81,56,108.82,45,108.83,11,108.84,1,108.87,4,108.88,25,108.89,30,108.9,59,108.91,309,108.88
TL2503,,13:46:14.800#,108.56,108.88,108.56,112.27,104.69,392,1244,108.79,111,108.8,309,108.81,56,108.82,45,108.83,11,108.87,4,108.88,25,108.89,30,108.9,59,108.91,309,108.88
TL2503,,13:46:15.300#,108.56,108.88,108.56,112.27,104.69,392,1244,108.79,405,108.8,40,108.81,51,108.82,25,108.83,6,108.87,2,108.88,25,108.89,30,108.9,59,108.91,309,108.88
TL2503,,13:46:15.800#,108.56,108.88,108.56,112.27,104.69,392,1244,108.8,45,108.81,51,108.82,20,108.83,6,108.84,1,108.86,1,108.87,3,108.88,25,108.89,30,108.9,59,108.88
TL2503,,13:46:16.300#,108.56,108.88,108.56,112.27,104.69,392,1244,108.79,111,108.8,314,108.81,61,108.82,30,108.83,10,108.86,3,108.87,12,108.88,30,108.89,45,108.9,333,108.88
TL2503,,13:46:16.800#,108.56,108.88,108.56,112.27,104.69,392,1244,108.78,15,108.79,405,108.8,50,108.81,46,108.82,25,108.86,3,108.87,22,108.88,25,108.89,55,108.9,323,108.88
TL2503,,13:46:17.300#,108.56,108.88,108.56,112.27,104.69,392,1244,108.79,41,108.8,40,108.81,26,108.82,6,108.83,1,108.86,3,108.87,27,108.88,30,108.89,45,108.9,323,108.88
TL2503,,13:46:17.800#,108.56,108.88,108.56,112.27,104.69,392,1244,108.79,315,108.8,60,108.81,31,108.82,15,108.83,1,108.86,3,108.87,27,108.88,35,108.89,55,108.9,413,108.88
TL2503,,13:46:18.300#,108.56,108.88,108.56,112.27,104.69,392,1244,108.79,310,108.8,65,108.81,26,108.82,20,108.83,1,108.86,3,108.87,27,108.88,35,108.89,55,108.9,413,108.88
TL2503,,13:46:18.800#,108.56,108.88,108.56,112.27,104.69,392,1244,108.79,310,108.8,60,108.81,26,108.82,25,108.83,1,108.86,3,108.87,27,108.88,35,108.89,55,108.9,413,108.88
TL2503,,13:46:19.300#,108.56,108.88,108.56,112.27,104.69,392,1244,108.79,310,108.8,55,108.81,31,108.82,25,108.83,1,108.86,3,108.87,27,108.88,35,108.89,55,108.9,413,108.88
TL2503,,13:46:19.800#,108.56,108.88,108.56,112.27,104.69,392,1244,108.79,310,108.8,50,108.81,36,108.82,25,108.83,1,108.86,3,108.87,27,108.88,35,108.89,55,108.9,413,108.88
TL2503,,13:46:22.300#,108.56,108.88,108.56,112.27,104.69,392,1244,108.79,310,108.8,50,108.81,36,108.82,25,108.83,1,108.86,3,108.87,25,108.88,35,108.89,55,108.9,413,108.88
TL2503,,13:46:22.800#,108.56,108.88,108.56,112.27,104.69,392,1244,108.79,310,108.8,50,108.81,36,108.82,25,108.83,1,108.86,5,108.87,25,108.88,30,108.89,50,108.9,318,108.88
TL2503,,13:46:23.300#,108.56,108.88,108.56,112.27,104.69,392,1244,108.79,310,108.8,50,108.81,36,108.82,25,108.83,1,108.86,5,108.87,25,108.88,35,108.89,55,108.9,413,108.88
TL2503,,13:46:25.800#,108.56,108.88,108.56,112.27,104.69,392,1244,108.79,310,108.8,50,108.81,36,108.82,25,108.83,1,108.86,3,108.87,25,108.88,35,108.89,55,108.9,413,108.88
TL2503,,13:46:26.300#,108.56,108.88,108.56,112.27,104.69,392,1244,108.79,310,108.8,50,108.81,36,108.82,25,108.83,1,108.86,3,108.87,25,108.88,30,108.89,50,108.9,318,108.88
TL2503,,13:46:29.800#,108.56,108.88,108.56,112.27,104.69,392,1244,108.79,310,108.8,50,108.81,46,108.82,15,108.83,1,108.86,3,108.87,25,108.88,30,108.89,50,108.9,318,108.88
TL2503,,13:46:30.300#,108.56,108.88,108.56,112.27,104.69,392,1244,108.79,310,108.8,50,108.81,46,108.82,10,108.83,1,108.86,3,108.87,25,108.88,30,108.89,50,108.9,318,108.88
TL2503,,13:46:30.800#,108.56,108.88,108.56,112.27,104.69,392,1244,108.79,310,108.8,55,108.81,41,108.82,15,108.83,1,108.86,3,108.87,25,108.88,30,108.89,50,108.9,318,108.88
TL2503,,13:46:31.300#,108.56,108.88,108.56,112.27,104.69,392,1244,108.79,310,108.8,55,108.81,36,108.82,20,108.83,1,108.86,3,108.87,25,108.88,30,108.89,50,108.9,318,108.88
TL2503,,13:46:31.800#,108.56,108.88,108.56,112.27,104.69,392,1244,108.79,310,108.8,50,108.81,41,108.82,20,108.83,1,108.86,3,108.87,25,108.88,30,108.89,50,108.9,318,108.88
TL2503,,13:46:32.300#,108.56,108.88,108.56,112.27,104.69,392,1244,108.79,310,108.8,50,108.81,46,108.82,15,108.83,1,108.86,3,108.87,25,108.88,30,108.89,50,108.9,318,108.88
TL2503,,13:46:32.800#,108.56,108.88,108.56,112.27,104.69,392,1244,108.79,310,108.8,50,108.81,46,108.82,10,108.83,1,108.86,3,108.87,25,108.88,30,108.89,50,108.9,318,108.88
TL2503,,13:46:33.300#,108.56,108.88,108.56,112.27,104.69,392,1244,108.79,310,108.8,55,108.81,46,108.82,10,108.83,1,108.86,3,108.87,25,108.88,30,108.89,50,108.9,318,108.88
TL2503,,13:46:33.800#,108.56,108.88,108.56,112.27,104.69,392,1244,108.79,310,108.8,55,108.81,41,108.82,15,108.83,1,108.86,3,108.87,25,108.88,30,108.89,50,108.9,318,108.88
TL2503,,13:46:34.800#,108.56,108.88,108.56,112.27,104.69,392,1244,108.79,310,108.8,55,108.81,36,108.82,20,108.83,1,108.86,3,108.87,25,108.88,30,108.89,50,108.9,318,108.88
TL2503,,13:46:35.300#,108.56,108.88,108.56,112.27,104.69,392,1244,108.79,310,108.8,50,108.81,41,108.82,20,108.83,1,108.86,3,108.87,25,108.88,30,108.89,50,108.9,318,108.88
TL2503,,13:46:35.800#,108.56,108.88,108.56,112.27,104.69,392,1244,108.79,310,108.8,50,108.81,46,108.82,15,108.83,1,108.86,3,108.87,25,108.88,30,108.89,50,108.9,318,108.88
TL2503,,13:46:36.300#,108.56,108.88,108.56,112.27,104.69,392,1244,108.79,310,108.8,50,108.81,41,108.82,15,108.83,1,108.86,3,108.87,25,108.88,30,108.89,50,108.9,318,108.88
TL2503,,13:46:36.800#,108.56,108.88,108.56,112.27,104.69,392,1244,108.79,310,108.8,55,108.81,36,108.82,20,108.83,1,108.86,3,108.87,25,108.88,30,108.89,50,108.9,318,108.88
TL2503,,13:46:37.300#,108.56,108.88,108.56,112.27,104.69,392,1244,108.79,310,108.8,50,108.81,36,108.82,25,108.83,1,108.86,3,108.87,25,108.88,30,108.89,50,108.9,318,108.88
TL2503,,13:46:38.300#,108.56,108.88,108.56,112.27,104.69,392,1244,108.79,310,108.8,50,108.81,36,108.82,25,108.83,2,108.86,3,108.87,25,108.88,30,108.89,50,108.9,318,108.88
TL2503,,13:46:38.800#,108.56,108.88,108.56,112.27,104.69,392,1244,108.79,310,108.8,50,108.81,36,108.82,25,108.83,1,108.86,3,108.87,25,108.88,30,108.89,50,108.9,318,108.88
TL2503,,13:46:58.800#,108.56,108.88,108.56,112.27,104.69,392,1244,108.79,310,108.8,45,108.81,41,108.82,25,108.83,1,108.86,1,108.87,25,108.88,30,108.89,50,108.9,318,108.88
TL2503,,13:46:59.300#,108.56,108.88,108.56,112.27,104.69,392,1244,108.79,310,108.8,45,108.81,41,108.82,25,108.83,2,108.86,1,108.87,25,108.88,30,108.89,50,108.9,318,108.88
TL2503,,13:47:03.300#,108.56,108.88,108.56,112.27,104.69,392,1244,108.79,310,108.8,50,108.81,36,108.82,25,108.83,2,108.86,1,108.87,25,108.88,30,108.89,50,108.9,318,108.88
TL2503,,13:47:04.300#,108.56,108.88,108.56,112.27,104.69,392,1244,108.79,310,108.8,45,108.81,41,108.82,25,108.83,2,108.86,1,108.87,25,108.88,30,108.89,45,108.9,318,108.88
TL2503,,13:47:04.800#,108.56,108.88,108.56,112.27,104.69,392,1244,108.79,310,108.8,50,108.81,36,108.82,25,108.83,2,108.86,1,108.87,25,108.88,30,108.89,50,108.9,318,108.88
TL2503,,13:47:05.300#,108.56,108.88,108.56,112.27,104.69,392,1244,108.79,310,108.8,50,108.81,36,108.82,25,108.83,2,108.86,3,108.87,25,108.88,30,108.89,50,108.9,318,108.88
TL2503,,13:47:06.300#,108.56,108.88,108.56,112.27,104.69,392,1244,108.79,310,108.8,45,108.81,41,108.82,25,108.83,2,108.86,3,108.87,25,108.88,30,108.89,45,108.9,318,108.88
TL2503,,13:47:06.800#,108.56,108.88,108.56,112.27,104.69,392,1244,108.79,310,108.8,45,108.81,41,108.82,25,108.83,2,108.86,3,108.87,25,108.88,30,108.89,50,108.9,318,108.88
TL2503,,13:47:08.300#,108.56,108.88,108.56,112.27,104.69,392,1244,108.79,310,108.8,50,108.81,36,108.82,25,108.83,2,108.86,3,108.87,25,108.88,30,108.89,50,108.9,318,108.88
TL2503,,13:47:12.300#,108.56,108.88,108.56,112.27,104.69,392,1244,108.79,310,108.8,50,108.81,35,108.82,25,108.83,2,108.86,3,108.87,25,108.88,30,108.89,50,108.9,318,108.88
TL2503,,13:47:27.800#,108.56,108.88,108.56,112.27,104.69,392,1244,108.79,310,108.8,50,108.81,35,108.82,25,108.83,2,108.86,3,108.87,25,108.88,30,108.89,50,108.9,318,108.88
TL2503,,13:47:47.800#,108.56,108.88,108.56,112.27,104.69,392,1244,108.79,309,108.8,45,108.81,40,108.82,25,108.83,2,108.86,3,108.87,25,108.88,30,108.89,50,108.9,318,108.88
TL2503,,13:47:54.800#,108.56,108.88,108.56,112.27,104.69,392,1244,108.79,309,108.8,45,108.81,40,108.82,25,108.83,2,108.86,3,108.87,25,108.88,30,108.89,50,108.9,318,108.88
TL2503,,13:47:58.300#,108.56,108.88,108.56,112.27,104.69,392,1244,108.79,309,108.8,50,108.81,35,108.82,25,108.83,2,108.86,3,108.87,25,108.88,30,108.89,50,108.9,318,108.88
TL2503,,13:47:59.800#,108.56,108.88,108.56,112.27,104.69,392,1244,108.79,309,108.8,45,108.81,40,108.82,25,108.83,2,108.86,3,108.87,25,108.88,30,108.89,50,108.9,318,108.88
TL2503,,13:48:01.800#,108.56,108.88,108.56,112.27,104.69,392,1244,108.79,309,108.8,45,108.81,40,108.82,25,108.83,2,108.86,2,108.87,25,108.88,30,108.89,50,108.9,318,108.88
TL2503,,13:48:26.800#,108.56,108.88,108.56,112.27,104.69,392,1244,108.8,45,108.81,35,108.82,30,108.83,4,108.84,1,108.87,25,108.88,30,108.89,50,108.9,318,108.91,110,108.88
TL2503,,13:48:27.300#,108.56,108.88,108.56,112.27,104.69,392,1244,108.8,314,108.81,50,108.82,35,108.83,13,108.84,1,108.88,30,108.89,30,108.9,49,108.91,349,108.92,5,108.88
TL2503,,13:48:27.800#,108.56,108.88,108.56,112.27,104.69,392,1244,108.81,50,108.82,40,108.83,13,108.84,1,108.85,8,108.88,2,108.89,25,108.9,39,108.91,45,108.92,404,108.88
TL2503,,13:48:28.800#,108.56,108.88,108.56,112.27,104.69,392,1244,108.81,309,108.82,50,108.83,33,108.84,20,108.85,9,108.88,2,108.89,20,108.9,39,108.91,40,108.92,309,108.88
TL2503,,13:48:29.300#,108.56,108.88,108.56,112.27,104.69,392,1244,108.81,309,108.82,45,108.83,38,108.84,20,108.85,9,108.88,2,108.89,15,108.9,44,108.91,40,108.92,314,108.88
TL2503,,13:48:29.800#,108.56,108.88,108.56,112.27,104.69,392,1244,108.81,309,108.82,45,108.83,43,108.84,25,108.85,9,108.88,2,108.89,15,108.9,49,108.91,45,108.92,314,108.88
TL2503,,13:48:30.300#,108.56,108.88,108.56,112.27,104.69,392,1244,108.81,404,108.82,50,108.83,48,108.84,25,108.85,9,108.88,2,108.89,20,108.9,44,108.91,45,108.92,314,108.88
TL2503,,13:48:30.800#,108.56,108.88,108.56,112.27,104.69,392,1244,108.82,50,108.83,48,108.84,25,108.85,8,108.86,1,108.88,2,108.89,25,108.9,39,108.91,50,108.92,309,108.88
TL2503,,13:48:31.300#,108.56,108.88,108.56,112.27,104.69,392,1244,108.81,110,108.82,314,108.83,63,108.84,35,108.85,18,108.88,2,108.89,20,108.9,44,108.91,45,108.92,314,108.88
TL2503,,13:48:31.800#,108.56,108.88,108.56,112.27,104.69,392,1244,108.81,404,108.82,45,108.83,53,108.84,25,108.85,9,108.88,2,108.89,20,108.9,44,108.91,50,108.92,309,108.88
TL2503,,13:48:32.300#,108.56,108.88,108.56,112.27,104.69,392,1244,108.81,404,108.82,45,108.83,48,108.84,25,108.85,9,108.88,2,108.89,25,108.9,39,108.91,50,108.92,309,108.88
TL2503,,13:48:32.800#,108.56,108.88,108.56,112.27,104.69,392,1244,108.81,404,108.82,50,108.83,48,108.84,25,108.85,9,108.88,2,108.89,25,108.9,39,108.91,50,108.92,309,108.88
TL2503,,13:48:34.300#,108.56,108.88,108.56,112.27,104.69,392,1244,108.82,50,108.83,48,108.84,25,108.85,8,108.86,1,108.88,2,108.89,25,108.9,39,108.91,50,108.92,309,108.88
TL2503,,13:48:34.800#,108.56,108.88,108.56,112.27,104.69,392,1244,108.82,314,108.83,63,108.84,35,108.85,10,108.86,1,108.88,2,108.89,20,108.9,44,108.91,45,108.92,314,108.88
TL2503,,13:48:35.300#,108.56,108.88,108.56,112.27,104.69,392,1244,108.83,68,108.84,35,108.85,10,108.86,1,108.87,1,108.88,2,108.89,15,108.9,49,108.91,45,108.92,314,108.88
TL2503,,13:48:35.800#,108.56,108.88,108.56,112.27,104.69,392,1244,108.83,247,108.84,50,108.85,25,108.86,5,108.87,1,108.88,2,108.89,10,108.9,49,108.91,45,108.92,314,108.88
TL2503,,13:48:36.300#,108.56,108.88,108.56,112.27,104.69,392,1244,108.83,327,108.84,50,108.85,40,108.86,5,108.87,1,108.88,2,108.89,10,108.9,54,108.91,45,108.92,314,108.88
TL2503,,13:48:36.800#,108.56,108.88,108.56,112.27,104.69,392,1244,108.83,322,108.84,50,108.85,45,108.86,5,108.87,1,108.88,2,108.89,10,108.9,54,108.91,45,108.92,314,108.88
TL2503,,13:48:43.800#,108.56,108.88,108.56,112.27,104.69,392,1244,108.83,322,108.84,50,108.85,40,108.86,10,108.87,1,108.89,5,108.9,59,108.91,45,108.92,314,108.93,110,108.88
TL2503,,13:48:44.300#,108.56,108.88,108.56,112.27,104.69,392,1244,108.83,311,108.84,60,108.85,35,108.86,15,108.87,1,108.9,39,108.91,40,108.92,40,108.93,409,108.94,5,108.88
TL2503,,13:48:44.800#,108.56,108.88,108.56,112.27,104.69,392,1244,108.83,311,108.84,60,108.85,30,108.86,20,108.87,1,108.9,16,108.91,30,108.92,25,108.93,45,108.94,404,108.88
TL2503,,13:48:45.300#,108.56,108.88,108.56,112.27,104.69,392,1244,108.83,311,108.84,55,108.85,30,108.86,25,108.87,1,108.9,16,108.91,25,108.92,35,108.93,50,108.94,404,108.88
TL2503,,13:48:45.800#,108.56,108.88,108.56,112.27,104.69,392,1244,108.83,311,108.84,50,108.85,35,108.86,25,108.87,1,108.9,11,108.91,25,108.92,40,108.93,50,108.94,404,108.88
TL2503,,13:48:47.300#,108.56,108.88,108.56,112.27,104.69,392,1244,108.83,316,108.84,45,108.85,35,108.86,25,108.87,1,108.9,11,108.91,25,108.92,40,108.93,50,108.94,404,108.88
TL2503,,13:48:47.800#,108.56,108.88,108.56,112.27,104.69,392,1244,108.83,316,108.84,45,108.85,40,108.86,20,108.87,1,108.9,13,108.91,25,108.92,40,108.93,50,108.94,404,108.88
TL2503,,13:48:48.300#,108.56,108.88,108.56,112.27,104.69,392,1244,108.83,316,108.84,45,108.85,45,108.86,15,108.87,1,108.9,13,108.91,25,108.92,40,108.93,50,108.94,404,108.88
TL2503,,13:48:48.800#,108.56,108.88,108.56,112.27,104.69,392,1244,108.83,316,108.84,45,108.85,45,108.86,10,108.87,1,108.9,13,108.91,25,108.92,40,108.93,50,108.94,404,108.88
TL2503,,13:48:49.300#,108.56,108.88,108.56,112.27,104.69,392,1244,108.83,316,108.84,50,108.85,45,108.86,10,108.87,1,108.9,13,108.91,25,108.92,40,108.93,50,108.94,404,108.88
TL2503,,13:48:49.800#,108.56,108.88,108.56,112.27,104.69,392,1244,108.83,316,108.84,50,108.85,40,108.86,15,108.87,1,108.9,13,108.91,25,108.92,40,108.93,50,108.94,404,108.88
TL2503,,13:48:50.300#,108.56,108.88,108.56,112.27,104.69,392,1244,108.83,316,108.84,50,108.85,35,108.86,20,108.87,1,108.9,13,108.91,25,108.92,40,108.93,50,108.94,404,108.88
TL2503,,13:48:50.800#,108.56,108.88,108.56,112.27,104.69,392,1244,108.83,316,108.84,45,108.85,35,108.86,25,108.87,1,108.9,11,108.91,25,108.92,40,108.93,50,108.94,404,108.88
TL2503,,13:48:51.300#,108.56,108.88,108.56,112.27,104.69,392,1244,108.83,316,108.84,45,108.85,40,108.86,20,108.87,1,108.9,13,108.91,25,108.92,40,108.93,50,108.94,404,108.88
TL2503,,13:48:52.800#,108.56,108.88,108.56,112.27,104.69,392,1244,108.83,316,108.84,45,108.85,45,108.86,15,108.87,1,108.9,13,108.91,25,108.92,40,108.93,50,108.94,404,108.88
TL2503,,13:48:53.300#,108.56,108.88,108.56,112.27,104.69,392,1244,108.83,316,108.84,45,108.85,45,108.86,10,108.87,1,108.9,13,108.91,25,108.92,40,108.93,50,108.94,404,108.88
TL2503,,13:48:53.800#,108.56,108.88,108.56,112.27,104.69,392,1244,108.83,316,108.84,50,108.85,45,108.86,10,108.87,1,108.9,13,108.91,25,108.92,40,108.93,50,108.94,404,108.88
TL2503,,13:48:56.800#,108.56,108.88,108.56,112.27,104.69,392,1244,108.83,316,108.84,50,108.85,45,108.86,10,108.87,1,108.9,11,108.91,25,108.92,40,108.93,50,108.94,404,108.88
TL2503,,13:48:57.300#,108.56,108.88,108.56,112.27,104.69,392,1244,108.83,316,108.84,50,108.85,45,108.86,10,108.87,1,108.9,12,108.91,25,108.92,40,108.93,50,108.94,404,108.88
TL2503,,13:48:58.300#,108.56,108.88,108.56,112.27,104.69,392,1244,108.83,316,108.84,50,108.85,45,108.86,10,108.87,1,108.9,13,108.91,25,108.92,40,108.93,50,108.94,404,108.88
TL2503,,13:49:01.800#,108.56,108.88,108.56,112.27,104.69,392,1244,108.83,316,108.84,50,108.85,45,108.86,10,108.87,1,108.9,11,108.91,25,108.92,40,108.93,50,108.94,404,108.88
TL2503,,13:49:02.300#,108.56,108.88,108.56,112.27,104.69,392,1244,108.83,316,108.84,50,108.85,45,108.86,10,108.87,1,108.9,12,108.91,25,108.92,40,108.93,50,108.94,404,108.88
TL2503,,13:49:04.300#,108.56,108.88,108.56,112.27,104.69,392,1244,108.83,316,108.84,50,108.85,45,108.86,10,108.87,1,108.9,13,108.91,25,108.92,40,108.93,50,108.94,404,108.88
TL2503,,13:49:05.300#,108.56,108.88,108.56,112.27,104.69,392,1244,108.83,316,108.84,50,108.85,40,108.86,15,108.87,2,108.9,12,108.91,25,108.92,40,108.93,50,108.94,404,108.88
TL2503,,13:49:06.300#,108.56,108.88,108.56,112.27,104.69,392,1244,108.83,311,108.84,50,108.85,35,108.86,25,108.87,1,108.9,13,108.91,25,108.92,40,108.93,45,108.94,404,108.88
TL2503,,13:49:06.800#,108.56,108.88,108.56,112.27,104.69,392,1244,108.83,316,108.84,45,108.85,35,108.86,25,108.87,1,108.9,12,108.91,25,108.92,40,108.93,50,108.94,404,108.88
TL2503,,13:49:07.800#,108.56,108.88,108.56,112.27,104.69,392,1244,108.83,316,108.84,45,108.85,40,108.86,20,108.87,1,108.9,12,108.91,25,108.92,40,108.93,50,108.94,404,108.88
TL2503,,13:49:08.300#,108.56,108.88,108.56,112.27,104.69,392,1244,108.83,316,108.84,45,108.85,40,108.86,20,108.87,1,108.9,11,108.91,25,108.92,40,108.93,50,108.94,404,108.88
TL2503,,13:49:08.800#,108.56,108.88,108.56,112.27,104.69,392,1244,108.83,316,108.84,45,108.85,35,108.86,25,108.87,1,108.9,12,108.91,25,108.92,40,108.93,50,108.94,404,108.88
TL2503,,13:49:10.300#,108.56,108.88,108.56,112.27,104.69,392,1244,108.82,110,108.83,316,108.84,45,108.85,35,108.86,25,108.9,13,108.91,25,108.92,40,108.93,50,108.94,404,108.88
TL2503,,13:49:10.800#,108.56,108.88,108.56,112.27,104.69,392,1244,108.83,47,108.84,35,108.85,30,108.86,6,108.87,1,108.9,12,108.91,25,108.92,40,108.93,50,108.94,404,108.88
TL2503,,13:49:11.300#,108.56,108.88,108.56,112.27,104.69,392,1244,108.83,316,108.84,55,108.85,35,108.86,15,108.87,1,108.9,13,108.91,25,108.92,40,108.93,50,108.94,404,108.88
TL2503,,13:49:11.800#,108.56,108.88,108.56,112.27,104.69,392,1244,108.83,316,108.84,55,108.85,30,108.86,20,108.87,1,108.9,13,108.91,25,108.92,40,108.93,50,108.94,404,108.88
TL2503,,13:49:12.300#,108.56,108.88,108.56,112.27,104.69,392,1244,108.83,316,108.84,50,108.85,35,108.86,20,108.87,1,108.9,13,108.91,25,108.92,40,108.93,50,108.94,404,108.88
TL2503,,13:49:12.800#,108.56,108.88,108.56,112.27,104.69,392,1244,108.83,316,108.84,45,108.85,45,108.86,15,108.87,1,108.9,13,108.91,25,108.92,40,108.93,50,108.94,404,108.88
TL2503,,13:49:13.300#,108.56,108.88,108.56,112.27,104.69,392,1244,108.83,316,108.84,45,108.85,45,108.86,10,108.87,1,108.9,13,108.91,25,108.92,40,108.93,50,108.94,404,108.88
TL2503,,13:49:13.800#,108.56,108.88,108.56,112.27,104.69,392,1244,108.83,316,108.84,50,108.85,45,108.86,10,108.87,1,108.9,11,108.91,25,108.92,40,108.93,50,108.94,404,108.88
TL2503,,13:49:14.300#,108.56,108.88,108.56,112.27,104.69,392,1244,108.83,316,108.84,50,108.85,45,108.86,10,108.87,1,108.9,13,108.91,25,108.92,40,108.93,50,108.94,404,108.88
TL2503,,13:49:15.800#,108.56,108.88,108.56,112.27,104.69,392,1244,108.83,316,108.84,50,108.85,40,108.86,15,108.87,1,108.9,13,108.91,25,108.92,40,108.93,50,108.94,404,108.88
TL2503,,13:49:16.300#,108.56,108.88,108.56,112.27,104.69,392,1244,108.83,316,108.84,50,108.85,35,108.86,20,108.87,1,108.9,13,108.91,25,108.92,40,108.93,50,108.94,404,108.88
TL2503,,13:49:16.800#,108.56,108.88,108.56,112.27,104.69,392,1244,108.83,316,108.84,45,108.85,35,108.86,25,108.87,1,108.9,13,108.91,25,108.92,40,108.93,50,108.94,404,108.88
TL2503,,13:49:17.800#,108.56,108.88,108.56,112.27,104.69,392,1244,108.83,311,108.84,50,108.85,35,108.86,25,108.87,1,108.9,13,108.91,25,108.92,40,108.93,50,108.94,404,108.88
TL2503,,13:49:18.300#,108.56,108.88,108.56,112.27,104.69,392,1244,108.83,311,108.84,50,108.85,35,108.86,25,108.87,1,108.9,11,108.91,25,108.92,40,108.93,50,108.94,404,108.88
TL2503,,13:49:18.800#,108.56,108.88,108.56,112.27,104.69,392,1244,108.83,316,108.84,45,108.85,35,108.86,25,108.87,2,108.9,11,108.91,25,108.92,40,108.93,50,108.94,404,108.88
TL2503,,13:49:19.300#,108.56,108.88,108.56,112.27,104.69,392,1244,108.83,316,108.84,45,108.85,35,108.86,25,108.87,1,108.9,13,108.91,25,108.92,40,108.93,50,108.94,404,108.88
TL2503,,13:49:21.300#,108.56,108.88,108.56,112.27,104.69,392,1244,108.83,316,108.84,45,108.85,40,108.86,20,108.87,1,108.9,13,108.91,25,108.92,40,108.93,50,108.94,404,108.88
TL2503,,13:49:21.800#,108.56,108.88,108.56,112.27,104.69,392,1244,108.83,316,108.84,45,108.85,40,108.86,20,108.87,1,108.9,11,108.91,25,108.92,40,108.93,50,108.94,404,108.88
TL2503,,13:49:22.300#,108.56,108.88,108.56,112.27,104.69,392,1244,108.83,316,108.84,45,108.85,40,108.86,20,108.87,1,108.9,13,108.91,25,108.92,40,108.93,45,108.94,404,108.88
TL2503,,13:49:22.800#,108.56,108.88,108.56,112.27,104.69,392,1244,108.83,316,108.84,45,108.85,40,108.86,20,108.87,1,108.9,13,108.91,25,108.92,40,108.93,50,108.94,404,108.88
TL2503,,13:49:23.800#,108.56,108.88,108.56,112.27,104.69,392,1244,108.83,316,108.84,45,108.85,40,108.86,20,108.87,1,108.9,13,108.91,25,108.92,40,108.93,50,108.94,404,108.88
TL2503,,13:49:24.300#,108.56,108.88,108.56,112.27,104.69,392,1244,108.83,316,108.84,45,108.85,40,108.86,20,108.87,1,108.9,13,108.91,25,108.92,40,108.93,45,108.94,404,108.88
TL2503,,13:49:24.800#,108.56,108.88,108.56,112.27,104.69,392,1244,108.83,316,108.84,45,108.85,45,108.86,15,108.87,1,108.9,11,108.91,25,108.92,40,108.93,50,108.94,404,108.88
TL2503,,13:49:25.300#,108.56,108.88,108.56,112.27,104.69,392,1244,108.83,311,108.84,50,108.85,40,108.86,15,108.87,1,108.9,11,108.91,25,108.92,40,108.93,45,108.94,404,108.88
TL2503,,13:49:25.800#,108.56,108.88,108.56,112.27,104.69,392,1244,108.83,311,108.84,55,108.85,35,108.86,20,108.87,1,108.9,11,108.91,25,108.92,40,108.93,50,108.94,404,108.88
TL2503,,13:49:26.300#,108.56,108.88,108.56,112.27,104.69,392,1244,108.83,311,108.84,50,108.85,35,108.86,25,108.87,1,108.9,11,108.91,25,108.92,40,108.93,50,108.94,404,108.88
