InstrumentId,ExchangeId,Datetime,OpenPrice,HighestPrice,LowestPrice,UpperLimitPrice,LowerLimitPrice,Volume,OpenInterest,BidPrice5,BidVolume5,BidPrice4,BidVolume4,BidPrice3,BidVolume3,BidPrice2,BidVolume2,BidPrice1,BidVolume1,AskPrice1,AskVolume1,AskPrice2,AskVolume2,AskPrice3,AskVolume3,AskPrice4,AskVolume4,AskPrice5,AskVolume5,LastPrice
TS2503,,13:38:58.800#,102.0,102.066,102.0,102.492,101.476,11,576,102.064,5,102.066,477,102.068,74,102.07,30,102.072,40,102.086,1,102.088,35,102.09,35,102.092,74,102.094,489,102.066
TS2503,,13:38:59.300#,102.0,102.066,102.0,102.492,101.476,11,576,102.066,69,102.068,30,102.07,35,102.072,6,102.074,1,102.086,1,102.088,35,102.09,40,102.092,69,102.094,467,102.066
TS2503,,13:38:59.800#,102.0,102.066,102.0,102.492,101.476,11,576,102.066,319,102.068,74,102.07,35,102.072,21,102.074,1,102.086,1,102.088,30,102.09,35,102.092,74,102.094,399,102.066
TS2503,,13:39:00.300#,102.0,102.066,102.0,102.492,101.476,11,576,102.066,477,102.068,74,102.07,35,102.072,31,102.074,1,102.086,1,102.088,30,102.09,30,102.092,79,102.094,489,102.066
TS2503,,13:39:00.800#,102.0,102.066,102.0,102.492,101.476,11,576,102.066,477,102.068,74,102.07,30,102.072,41,102.074,1,102.086,1,102.088,35,102.09,30,102.092,79,102.094,489,102.066
TS2503,,13:39:02.300#,102.0,102.066,102.0,102.492,101.476,11,576,102.066,477,102.068,74,102.07,30,102.072,40,102.074,1,102.086,1,102.088,35,102.09,30,102.092,79,102.094,489,102.066
TS2503,,13:39:02.800#,102.0,102.086,102.0,102.492,101.476,12,575,102.066,477,102.068,74,102.07,30,102.072,40,102.074,1,102.088,35,102.09,30,102.092,74,102.094,494,102.118,5,102.086
TS2503,,13:39:03.300#,102.0,102.086,102.0,102.492,101.476,12,575,102.066,460,102.068,74,102.07,30,102.072,40,102.074,2,102.088,5,102.09,35,102.092,35,102.094,64,102.096,170,102.086
TS2503,,13:39:03.800#,102.0,102.086,102.0,102.492,101.476,12,575,102.066,482,102.068,74,102.07,30,102.072,40,102.074,2,102.088,5,102.09,35,102.092,40,102.094,64,102.096,489,102.086
TS2503,,13:39:05.300#,102.0,102.086,102.0,102.492,101.476,12,575,102.066,482,102.068,74,102.07,30,102.072,40,102.074,1,102.09,40,102.092,40,102.094,64,102.096,489,102.118,5,102.086
TS2503,,13:39:05.800#,102.0,102.086,102.0,102.492,101.476,12,575,102.066,460,102.068,69,102.07,35,102.072,40,102.074,2,102.09,5,102.092,35,102.094,30,102.096,69,102.098,165,102.086
TS2503,,13:39:06.300#,102.0,102.086,102.0,102.492,101.476,12,575,102.066,482,102.068,69,102.07,35,102.072,40,102.074,2,102.09,5,102.092,35,102.094,35,102.096,74,102.098,484,102.086
TS2503,,13:39:07.300#,102.0,102.086,102.0,102.492,101.476,12,575,102.066,482,102.068,69,102.07,35,102.072,40,102.074,2,102.092,40,102.094,35,102.096,74,102.098,484,102.118,5,102.086
TS2503,,13:39:07.800#,102.0,102.086,102.0,102.492,101.476,12,575,102.066,455,102.068,74,102.07,35,102.072,40,102.074,2,102.09,7,102.092,5,102.094,40,102.096,30,102.098,69,102.086
TS2503,,13:39:08.300#,102.0,102.086,102.0,102.492,101.476,12,575,102.066,292,102.068,69,102.07,35,102.072,35,102.074,2,102.09,7,102.092,30,102.094,30,102.096,74,102.098,219,102.086
TS2503,,13:39:08.800#,102.0,102.086,102.0,102.492,101.476,12,575,102.066,382,102.068,69,102.07,35,102.072,40,102.074,2,102.09,7,102.092,40,102.094,35,102.096,74,102.098,384,102.086
TS2503,,13:39:09.300#,102.0,102.086,102.0,102.492,101.476,12,575,102.066,482,102.068,69,102.07,35,102.072,40,102.074,2,102.09,7,102.092,40,102.094,35,102.096,74,102.098,484,102.086
TS2503,,13:39:12.800#,102.0,102.086,102.0,102.492,101.476,12,575,102.066,482,102.068,69,102.07,35,102.072,40,102.074,1,102.09,7,102.092,40,102.094,35,102.096,74,102.098,484,102.086
TS2503,,13:39:13.300#,102.0,102.086,102.0,102.492,101.476,12,575,102.066,482,102.068,69,102.07,35,102.072,40,102.074,2,102.09,7,102.092,40,102.094,35,102.096,74,102.098,484,102.086
TS2503,,13:39:21.300#,102.0,102.086,102.0,102.492,101.476,12,575,102.066,482,102.068,69,102.07,35,102.072,40,102.074,1,102.09,7,102.092,40,102.094,35,102.096,74,102.098,484,102.086
TS2503,,13:39:21.800#,102.0,102.086,102.0,102.492,101.476,12,575,102.066,482,102.068,69,102.07,35,102.072,40,102.074,2,102.09,7,102.092,40,102.094,35,102.096,74,102.098,484,102.086
TS2503,,13:39:29.300#,102.0,102.086,102.0,102.492,101.476,12,575,102.066,482,102.068,69,102.07,35,102.072,40,102.074,1,102.09,7,102.092,40,102.094,35,102.096,74,102.098,484,102.086
TS2503,,13:39:29.800#,102.0,102.086,102.0,102.492,101.476,12,575,102.066,482,102.068,69,102.07,35,102.072,40,102.074,2,102.09,7,102.092,40,102.094,35,102.096,74,102.098,484,102.086
TS2503,,13:39:33.300#,102.0,102.086,102.0,102.492,101.476,12,575,102.066,482,102.068,69,102.07,35,102.072,40,102.074,1,102.09,7,102.092,40,102.094,35,102.096,74,102.098,484,102.086
TS2503,,13:39:33.800#,102.0,102.086,102.0,102.492,101.476,12,575,102.066,482,102.068,69,102.07,35,102.072,40,102.074,2,102.09,7,102.092,40,102.094,35,102.096,74,102.098,484,102.086
TS2503,,13:39:36.800#,102.0,102.086,102.0,102.492,101.476,12,575,102.066,482,102.068,69,102.07,35,102.072,40,102.074,1,102.09,7,102.092,40,102.094,35,102.096,74,102.098,484,102.086
TS2503,,13:39:37.300#,102.0,102.086,102.0,102.492,101.476,12,575,102.066,482,102.068,69,102.07,35,102.072,40,102.074,2,102.09,7,102.092,40,102.094,35,102.096,74,102.098,484,102.086
TS2503,,13:39:42.300#,102.0,102.086,102.0,102.492,101.476,12,575,102.066,482,102.068,69,102.07,35,102.072,40,102.074,1,102.09,7,102.092,40,102.094,35,102.096,74,102.098,484,102.086
TS2503,,13:39:42.800#,102.0,102.086,102.0,102.492,101.476,12,575,102.066,482,102.068,69,102.07,35,102.072,40,102.074,2,102.09,7,102.092,40,102.094,35,102.096,74,102.098,484,102.086
TS2503,,13:39:48.800#,102.0,102.086,102.0,102.492,101.476,12,575,102.066,482,102.068,69,102.07,35,102.072,40,102.074,1,102.09,7,102.092,40,102.094,35,102.096,74,102.098,484,102.086
TS2503,,13:39:49.300#,102.0,102.086,102.0,102.492,101.476,12,575,102.066,482,102.068,69,102.07,35,102.072,40,102.074,2,102.09,7,102.092,40,102.094,35,102.096,74,102.098,484,102.086
TS2503,,13:39:53.300#,102.0,102.086,102.0,102.492,101.476,12,575,102.066,482,102.068,69,102.07,35,102.072,40,102.074,1,102.09,7,102.092,40,102.094,35,102.096,74,102.098,484,102.086
TS2503,,13:39:53.800#,102.0,102.086,102.0,102.492,101.476,12,575,102.066,482,102.068,69,102.07,35,102.072,40,102.074,2,102.09,7,102.092,40,102.094,35,102.096,74,102.098,484,102.086
TS2503,,13:39:54.300#,102.0,102.086,102.0,102.492,101.476,12,575,102.066,482,102.068,69,102.07,35,102.072,40,102.074,2,102.09,7,102.092,40,102.094,35,102.096,69,102.098,484,102.086
TS2503,,13:39:54.800#,102.0,102.086,102.0,102.492,101.476,12,575,102.066,482,102.068,69,102.07,35,102.072,40,102.074,2,102.09,7,102.092,40,102.094,35,102.096,74,102.098,484,102.086
TS2503,,13:40:00.800#,102.0,102.086,102.0,102.492,101.476,12,575,102.066,482,102.068,69,102.07,35,102.072,40,102.074,1,102.09,7,102.092,40,102.094,35,102.096,74,102.098,484,102.086
TS2503,,13:40:01.300#,102.0,102.086,102.0,102.492,101.476,12,575,102.066,482,102.068,69,102.07,35,102.072,40,102.074,2,102.09,7,102.092,40,102.094,35,102.096,74,102.098,484,102.086
TS2503,,13:40:04.800#,102.0,102.086,102.0,102.492,101.476,12,575,102.066,482,102.068,69,102.07,35,102.072,40,102.074,1,102.09,7,102.092,40,102.094,35,102.096,74,102.098,484,102.086
TS2503,,13:40:05.300#,102.0,102.086,102.0,102.492,101.476,12,575,102.066,482,102.068,69,102.07,35,102.072,40,102.074,2,102.09,7,102.092,40,102.094,35,102.096,74,102.098,484,102.086
TS2503,,13:40:08.800#,102.0,102.086,102.0,102.492,101.476,12,575,102.066,482,102.068,69,102.07,35,102.072,40,102.074,1,102.09,7,102.092,40,102.094,35,102.096,74,102.098,484,102.086
TS2503,,13:40:09.800#,102.0,102.086,102.0,102.492,101.476,12,575,102.066,482,102.068,69,102.07,35,102.072,40,102.074,2,102.09,7,102.092,40,102.094,35,102.096,74,102.098,484,102.086
TS2503,,13:40:17.800#,102.0,102.086,102.0,102.492,101.476,12,575,102.066,482,102.068,69,102.07,35,102.072,40,102.074,1,102.09,7,102.092,40,102.094,35,102.096,74,102.098,484,102.086
TS2503,,13:40:18.300#,102.0,102.086,102.0,102.492,101.476,12,575,102.066,482,102.068,69,102.07,35,102.072,40,102.074,2,102.09,7,102.092,40,102.094,35,102.096,74,102.098,484,102.086
TS2503,,13:40:30.300#,102.0,102.086,102.0,102.492,101.476,12,575,102.066,482,102.068,69,102.07,35,102.072,40,102.074,1,102.09,7,102.092,40,102.094,35,102.096,74,102.098,484,102.086
TS2503,,13:40:30.800#,102.0,102.086,102.0,102.492,101.476,12,575,102.066,482,102.068,69,102.07,35,102.072,40,102.074,2,102.09,7,102.092,40,102.094,35,102.096,74,102.098,484,102.086
TS2503,,13:40:42.800#,102.0,102.086,102.0,102.492,101.476,12,575,102.066,482,102.068,69,102.07,35,102.072,40,102.074,1,102.09,7,102.092,40,102.094,35,102.096,74,102.098,484,102.086
TS2503,,13:40:43.300#,102.0,102.086,102.0,102.492,101.476,12,575,102.066,482,102.068,69,102.07,35,102.072,40,102.074,2,102.09,7,102.092,40,102.094,35,102.096,74,102.098,484,102.086
TS2503,,13:40:49.300#,102.0,102.086,102.0,102.492,101.476,12,575,102.066,482,102.068,69,102.07,35,102.072,40,102.074,1,102.09,7,102.092,40,102.094,35,102.096,74,102.098,484,102.086
TS2503,,13:40:50.300#,102.0,102.086,102.0,102.492,101.476,12,575,102.066,482,102.068,69,102.07,35,102.072,40,102.074,2,102.09,7,102.092,40,102.094,35,102.096,74,102.098,484,102.086
TS2503,,13:40:56.300#,102.0,102.086,102.0,102.492,101.476,12,575,102.066,482,102.068,69,102.07,35,102.072,40,102.074,1,102.09,7,102.092,40,102.094,35,102.096,74,102.098,484,102.086
TS2503,,13:40:56.800#,102.0,102.086,102.0,102.492,101.476,12,575,102.066,482,102.068,69,102.07,35,102.072,40,102.074,2,102.09,7,102.092,40,102.094,35,102.096,74,102.098,484,102.086
TS2503,,13:41:00.300#,102.0,102.086,102.0,102.492,101.476,12,575,102.066,482,102.068,69,102.07,35,102.072,40,102.074,1,102.09,7,102.092,40,102.094,35,102.096,74,102.098,484,102.086
TS2503,,13:41:00.800#,102.0,102.086,102.0,102.492,101.476,12,575,102.066,482,102.068,69,102.07,35,102.072,40,102.074,2,102.09,7,102.092,40,102.094,35,102.096,74,102.098,484,102.086
TS2503,,13:41:04.800#,102.0,102.086,102.0,102.492,101.476,12,575,102.066,482,102.068,69,102.07,35,102.072,40,102.074,1,102.09,7,102.092,40,102.094,35,102.096,74,102.098,484,102.086
TS2503,,13:41:05.300#,102.0,102.086,102.0,102.492,101.476,12,575,102.066,482,102.068,69,102.07,35,102.072,40,102.074,2,102.09,7,102.092,40,102.094,35,102.096,74,102.098,484,102.086
TS2503,,13:41:11.300#,102.0,102.086,102.0,102.492,101.476,12,575,102.066,482,102.068,69,102.07,35,102.072,40,102.074,1,102.09,7,102.092,40,102.094,35,102.096,74,102.098,484,102.086
TS2503,,13:41:11.800#,102.0,102.086,102.0,102.492,101.476,12,575,102.066,482,102.068,69,102.07,35,102.072,40,102.074,2,102.09,7,102.092,40,102.094,35,102.096,74,102.098,484,102.086
TS2503,,13:41:23.800#,102.0,102.086,102.0,102.492,101.476,12,575,102.066,482,102.068,69,102.07,35,102.072,40,102.074,1,102.09,7,102.092,40,102.094,35,102.096,74,102.098,484,102.086
TS2503,,13:41:24.300#,102.0,102.086,102.0,102.492,101.476,12,575,102.066,482,102.068,69,102.07,35,102.072,40,102.074,2,102.09,7,102.092,40,102.094,35,102.096,74,102.098,484,102.086
TS2503,,13:41:30.300#,102.0,102.086,102.0,102.492,101.476,12,575,102.066,482,102.068,69,102.07,35,102.072,40,102.074,1,102.09,7,102.092,40,102.094,35,102.096,74,102.098,484,102.086
TS2503,,13:41:31.300#,102.0,102.086,102.0,102.492,101.476,12,575,102.066,482,102.068,69,102.07,35,102.072,40,102.074,2,102.09,7,102.092,40,102.094,35,102.096,74,102.098,484,102.086
TS2503,,13:41:37.300#,102.0,102.086,102.0,102.492,101.476,12,575,102.066,482,102.068,69,102.07,35,102.072,40,102.074,1,102.09,7,102.092,40,102.094,35,102.096,74,102.098,484,102.086
TS2503,,13:41:37.800#,102.0,102.086,102.0,102.492,101.476,12,575,102.066,482,102.068,69,102.07,35,102.072,40,102.074,2,102.09,7,102.092,40,102.094,35,102.096,74,102.098,484,102.086
TS2503,,13:41:43.800#,102.0,102.086,102.0,102.492,101.476,12,575,102.066,482,102.068,69,102.07,35,102.072,40,102.074,1,102.09,7,102.092,40,102.094,35,102.096,74,102.098,484,102.086
TS2503,,13:41:44.300#,102.0,102.086,102.0,102.492,101.476,12,575,102.066,482,102.068,69,102.07,35,102.072,40,102.074,2,102.09,7,102.092,40,102.094,35,102.096,74,102.098,484,102.086
TS2503,,13:41:50.300#,102.0,102.086,102.0,102.492,101.476,12,575,102.066,482,102.068,69,102.07,35,102.072,40,102.074,1,102.09,7,102.092,40,102.094,35,102.096,74,102.098,484,102.086
TS2503,,13:41:50.800#,102.0,102.086,102.0,102.492,101.476,12,575,102.066,482,102.068,69,102.07,35,102.072,40,102.074,2,102.09,7,102.092,40,102.094,35,102.096,74,102.098,484,102.086
TS2503,,13:41:56.800#,102.0,102.086,102.0,102.492,101.476,12,575,102.066,482,102.068,69,102.07,35,102.072,40,102.074,1,102.09,7,102.092,40,102.094,35,102.096,74,102.098,484,102.086
TS2503,,13:41:57.800#,102.0,102.086,102.0,102.492,101.476,12,575,102.066,482,102.068,69,102.07,35,102.072,40,102.074,2,102.09,7,102.092,40,102.094,35,102.096,74,102.098,484,102.086
TS2503,,13:42:03.800#,102.0,102.086,102.0,102.492,101.476,12,575,102.066,482,102.068,69,102.07,35,102.072,40,102.074,1,102.09,7,102.092,40,102.094,35,102.096,74,102.098,484,102.086
TS2503,,13:42:04.300#,102.0,102.086,102.0,102.492,101.476,12,575,102.066,482,102.068,69,102.07,30,102.072,40,102.074,2,102.09,7,102.092,40,102.094,35,102.096,74,102.098,484,102.086
TS2503,,13:42:04.800#,102.0,102.086,102.0,102.492,101.476,12,575,102.066,482,102.068,69,102.07,35,102.072,40,102.074,2,102.09,7,102.092,40,102.094,35,102.096,74,102.098,484,102.086
TS2503,,13:42:10.800#,102.0,102.086,102.0,102.492,101.476,12,575,102.066,482,102.068,69,102.07,35,102.072,40,102.074,2,102.09,7,102.092,40,102.094,30,102.096,74,102.098,484,102.086
TS2503,,13:42:16.800#,102.0,102.086,102.0,102.492,101.476,12,575,102.066,482,102.068,69,102.07,35,102.072,40,102.074,1,102.09,7,102.092,40,102.094,35,102.096,74,102.098,484,102.086
TS2503,,13:42:17.300#,102.0,102.086,102.0,102.492,101.476,12,575,102.066,482,102.068,69,102.07,35,102.072,40,102.074,2,102.09,7,102.092,40,102.094,35,102.096,74,102.098,484,102.086
TS2503,,13:42:20.300#,102.0,102.086,102.0,102.492,101.476,12,575,102.066,482,102.068,69,102.07,35,102.072,40,102.074,1,102.09,7,102.092,40,102.094,35,102.096,74,102.098,484,102.086
TS2503,,13:42:20.800#,102.0,102.086,102.0,102.492,101.476,12,575,102.066,482,102.068,69,102.07,35,102.072,40,102.074,2,102.09,7,102.092,40,102.094,35,102.096,74,102.098,484,102.086
TS2503,,13:42:26.800#,102.0,102.086,102.0,102.492,101.476,12,575,102.066,482,102.068,69,102.07,35,102.072,40,102.074,1,102.09,7,102.092,40,102.094,35,102.096,74,102.098,484,102.086
TS2503,,13:42:39.300#,102.0,102.086,102.0,102.492,101.476,12,575,102.066,482,102.068,69,102.07,35,102.072,40,102.074,1,102.09,7,102.092,40,102.094,35,102.096,74,102.098,484,102.086
TS2503,,13:42:39.800#,102.0,102.086,102.0,102.492,101.476,12,575,102.066,482,102.068,69,102.07,35,102.072,40,102.074,2,102.09,7,102.092,40,102.094,35,102.096,74,102.098,484,102.086
TS2503,,13:42:43.800#,102.0,102.086,102.0,102.492,101.476,12,575,102.066,482,102.068,69,102.07,35,102.072,40,102.074,1,102.09,7,102.092,40,102.094,35,102.096,74,102.098,484,102.086
TS2503,,13:42:44.300#,102.0,102.086,102.0,102.492,101.476,12,575,102.066,482,102.068,69,102.07,35,102.072,40,102.074,2,102.09,7,102.092,40,102.094,35,102.096,74,102.098,484,102.086
TS2503,,13:42:50.300#,102.0,102.086,102.0,102.492,101.476,12,575,102.066,482,102.068,69,102.07,35,102.072,40,102.074,2,102.088,1,102.09,7,102.092,40,102.094,35,102.096,74,102.086
TS2503,,13:42:50.800#,102.0,102.086,102.0,102.492,101.476,12,575,102.066,370,102.068,74,102.07,30,102.072,35,102.074,2,102.088,1,102.09,27,102.092,40,102.094,64,102.096,307,102.086
TS2503,,13:42:51.300#,102.0,102.086,102.0,102.492,101.476,12,575,102.066,482,102.068,74,102.07,30,102.072,35,102.074,1,102.088,1,102.09,42,102.092,35,102.094,69,102.096,489,102.086
TS2503,,13:42:51.800#,102.0,102.086,102.0,102.492,101.476,12,575,102.066,482,102.068,74,102.07,30,102.072,40,102.074,2,102.088,1,102.09,47,102.092,35,102.094,69,102.096,489,102.086
TS2503,,13:42:54.800#,102.0,102.086,102.0,102.492,101.476,12,575,102.066,482,102.068,74,102.07,30,102.072,40,102.074,2,102.09,47,102.092,35,102.094,69,102.096,489,102.118,5,102.086
TS2503,,13:42:55.300#,102.0,102.086,102.0,102.492,101.476,12,575,102.066,460,102.068,74,102.07,30,102.072,40,102.074,2,102.09,17,102.092,35,102.094,30,102.096,69,102.098,165,102.086
TS2503,,13:42:55.800#,102.0,102.086,102.0,102.492,101.476,12,575,102.066,482,102.068,74,102.07,30,102.072,40,102.074,2,102.09,17,102.092,35,102.094,35,102.096,69,102.098,484,102.086
TS2503,,13:42:56.800#,102.0,102.086,102.0,102.492,101.476,12,575,102.066,370,102.068,74,102.07,30,102.072,35,102.074,2,102.088,1,102.09,32,102.092,30,102.094,69,102.096,302,102.086
TS2503,,13:42:57.300#,102.0,102.086,102.0,102.492,101.476,12,575,102.066,482,102.068,74,102.07,30,102.072,40,102.074,2,102.088,1,102.09,47,102.092,35,102.094,69,102.096,489,102.086
TS2503,,13:42:58.800#,102.0,102.086,102.0,102.492,101.476,12,575,102.066,482,102.068,74,102.07,30,102.072,40,102.074,2,102.086,1,102.088,1,102.09,47,102.092,35,102.094,69,102.086
TS2503,,13:42:59.300#,102.0,102.086,102.0,102.492,101.476,13,575,102.066,365,102.068,74,102.07,30,102.072,35,102.074,2,102.088,11,102.09,47,102.092,69,102.094,307,102.096,85,102.086
TS2503,,13:42:59.800#,102.0,102.086,102.0,102.492,101.476,13,575,102.066,482,102.068,74,102.07,30,102.072,40,102.074,2,102.088,1,102.09,47,102.092,40,102.094,64,102.096,489,102.086
TS2503,,13:43:03.300#,102.0,102.086,102.0,102.492,101.476,13,575,102.066,482,102.068,74,102.07,30,102.072,40,102.074,1,102.088,1,102.09,47,102.092,40,102.094,64,102.096,489,102.086
TS2503,,13:43:03.800#,102.0,102.086,102.0,102.492,101.476,13,575,102.066,482,102.068,74,102.07,30,102.072,40,102.074,2,102.088,1,102.09,47,102.092,40,102.094,64,102.096,489,102.086
TS2503,,13:43:08.300#,102.0,102.086,102.0,102.492,101.476,13,575,102.066,482,102.068,74,102.07,30,102.072,40,102.074,2,102.086,1,102.088,1,102.09,47,102.092,40,102.094,64,102.086
TS2503,,13:43:08.800#,102.0,102.086,102.0,102.492,101.476,13,575,102.066,365,102.068,74,102.07,30,102.072,35,102.074,2,102.086,1,102.088,21,102.09,37,102.092,74,102.094,302,102.086
TS2503,,13:43:09.800#,102.0,102.086,102.0,102.492,101.476,13,575,102.066,477,102.068,74,102.07,30,102.072,40,102.074,1,102.086,1,102.088,41,102.09,37,102.092,74,102.094,489,102.086
TS2503,,13:43:10.300#,102.0,102.086,102.0,102.492,101.476,13,575,102.066,477,102.068,74,102.07,30,102.072,40,102.074,2,102.086,1,102.088,40,102.09,37,102.092,74,102.094,489,102.086
TS2503,,13:43:17.800#,102.0,102.086,102.0,102.492,101.476,13,575,102.066,377,102.068,74,102.07,30,102.072,35,102.074,2,102.086,1,102.088,26,102.09,37,102.092,74,102.094,314,102.086
TS2503,,13:43:21.300#,102.0,102.086,102.0,102.492,101.476,15,575,102.066,477,102.068,74,102.07,30,102.072,40,102.074,2,102.088,40,102.09,37,102.092,74,102.094,489,102.118,5,102.084
TS2503,,13:43:22.300#,102.0,102.086,102.0,102.492,101.476,15,575,102.066,482,102.068,74,102.07,30,102.072,40,102.074,2,102.088,5,102.09,42,102.092,40,102.094,64,102.096,489,102.084
TS2503,,13:43:23.300#,102.0,102.086,102.0,102.492,101.476,15,575,102.066,460,102.068,69,102.07,35,102.072,40,102.074,2,102.09,12,102.092,35,102.094,30,102.096,69,102.098,165,102.084
TS2503,,13:43:33.300#,102.0,102.088,102.0,102.492,101.476,18,575,102.066,482,102.068,69,102.07,35,102.072,40,102.074,2,102.09,12,102.092,35,102.094,30,102.096,69,102.098,165,102.088
TS2503,,13:43:33.800#,102.0,102.088,102.0,102.492,101.476,18,575,102.066,482,102.068,69,102.07,35,102.072,40,102.074,2,102.09,12,102.092,35,102.094,35,102.096,74,102.098,484,102.088
TS2503,,13:43:34.800#,102.0,102.088,102.0,102.492,101.476,18,575,102.066,482,102.068,69,102.07,35,102.072,40,102.074,2,102.09,12,102.092,40,102.094,35,102.096,74,102.098,484,102.088
TS2503,,13:43:35.300#,102.0,102.088,102.0,102.492,101.476,18,575,102.066,482,102.068,69,102.07,35,102.072,40,102.074,2,102.09,7,102.092,40,102.094,35,102.096,74,102.098,484,102.088
TS2503,,13:43:47.300#,102.0,102.088,102.0,102.492,101.476,18,575,102.066,482,102.068,69,102.07,35,102.072,40,102.074,1,102.09,7,102.092,40,102.094,35,102.096,74,102.098,484,102.088
TS2503,,13:43:47.800#,102.0,102.088,102.0,102.492,101.476,18,575,102.066,482,102.068,69,102.07,35,102.072,40,102.074,2,102.09,7,102.092,40,102.094,35,102.096,74,102.098,484,102.088
TS2503,,13:43:49.300#,102.0,102.088,102.0,102.492,101.476,18,575,102.068,69,102.07,35,102.072,40,102.074,2,102.076,1,102.09,7,102.092,40,102.094,35,102.096,74,102.098,484,102.088
TS2503,,13:43:49.800#,102.0,102.088,102.0,102.492,101.476,18,575,102.068,307,102.07,69,102.072,40,102.074,17,102.076,1,102.09,7,102.092,35,102.094,35,102.096,69,102.098,399,102.088
TS2503,,13:43:50.300#,102.0,102.088,102.0,102.492,101.476,18,575,102.068,414,102.07,69,102.072,35,102.074,27,102.076,1,102.09,7,102.092,35,102.094,35,102.096,69,102.098,489,102.088
TS2503,,13:43:50.800#,102.0,102.088,102.0,102.492,101.476,18,575,102.068,482,102.07,74,102.072,30,102.074,37,102.076,1,102.09,7,102.092,35,102.094,35,102.096,69,102.098,489,102.088
TS2503,,13:43:51.300#,102.0,102.088,102.0,102.492,101.476,18,575,102.07,74,102.072,30,102.074,42,102.076,1,102.078,1,102.09,7,102.092,40,102.094,35,102.096,69,102.098,489,102.088
TS2503,,13:43:51.800#,102.0,102.088,102.0,102.492,101.476,18,575,102.07,302,102.072,69,102.074,42,102.076,16,102.078,1,102.09,7,102.092,35,102.094,30,102.096,74,102.098,399,102.088
TS2503,,13:43:52.300#,102.0,102.088,102.0,102.492,101.476,18,575,102.07,409,102.072,69,102.074,37,102.076,26,102.078,1,102.09,7,102.092,35,102.094,30,102.096,74,102.098,489,102.088
TS2503,,13:43:52.800#,102.0,102.088,102.0,102.492,101.476,18,575,102.07,477,102.072,74,102.074,32,102.076,36,102.078,1,102.09,7,102.092,35,102.094,30,102.096,74,102.098,489,102.088
TS2503,,13:43:53.300#,102.0,102.088,102.0,102.492,101.476,18,575,102.07,477,102.072,74,102.074,32,102.076,41,102.078,1,102.09,7,102.092,40,102.094,30,102.096,74,102.098,489,102.088
TS2503,,13:43:53.800#,102.0,102.088,102.0,102.492,101.476,18,575,102.072,74,102.074,31,102.076,41,102.078,1,102.08,1,102.09,7,102.092,40,102.094,30,102.096,74,102.098,489,102.088
TS2503,,13:43:54.300#,102.0,102.088,102.0,102.492,101.476,18,575,102.072,307,102.074,65,102.076,41,102.078,16,102.08,1,102.09,7,102.092,35,102.094,30,102.096,74,102.098,394,102.088
TS2503,,13:43:54.800#,102.0,102.088,102.0,102.492,101.476,18,575,102.072,414,102.074,65,102.076,31,102.078,31,102.08,1,102.09,7,102.092,35,102.094,30,102.096,74,102.098,484,102.088
TS2503,,13:43:55.300#,102.0,102.088,102.0,102.492,101.476,18,575,102.072,482,102.074,70,102.076,30,102.078,41,102.08,1,102.09,7,102.092,40,102.094,30,102.096,74,102.098,484,102.088
TS2503,,13:43:55.800#,102.0,102.088,102.0,102.492,101.476,18,575,102.072,482,102.074,70,102.076,30,102.078,40,102.08,1,102.09,7,102.092,40,102.094,30,102.096,74,102.098,484,102.088
TS2503,,13:43:57.800#,102.0,102.088,102.0,102.492,101.476,18,575,102.074,70,102.076,30,102.078,40,102.08,1,102.082,1,102.09,7,102.092,40,102.094,30,102.096,74,102.098,484,102.088
TS2503,,13:43:58.300#,102.0,102.088,102.0,102.492,101.476,18,575,102.074,308,102.076,64,102.078,45,102.08,11,102.082,1,102.09,7,102.092,35,102.094,30,102.096,69,102.098,399,102.088
TS2503,,13:43:58.800#,102.0,102.088,102.0,102.492,101.476,18,575,102.074,415,102.076,64,102.078,35,102.08,26,102.082,1,102.09,7,102.092,35,102.094,30,102.096,69,102.098,489,102.088
TS2503,,13:43:59.300#,102.0,102.088,102.0,102.492,101.476,18,575,102.074,483,102.076,69,102.078,30,102.08,36,102.082,1,102.09,7,102.092,35,102.094,30,102.096,69,102.098,489,102.088
TS2503,,13:43:59.800#,102.0,102.088,102.0,102.492,101.476,18,575,102.074,483,102.076,69,102.078,30,102.08,40,102.082,1,102.09,7,102.092,40,102.094,30,102.096,69,102.098,489,102.088
TS2503,,13:44:00.800#,102.0,102.088,102.0,102.492,101.476,18,575,102.07,5,102.074,483,102.076,69,102.078,30,102.08,40,102.09,7,102.092,40,102.094,30,102.096,69,102.098,489,102.088
TS2503,,13:44:01.300#,102.0,102.088,102.0,102.492,101.476,18,575,102.072,170,102.074,65,102.076,30,102.078,35,102.08,5,102.09,7,102.092,40,102.094,30,102.096,74,102.098,484,102.088
TS2503,,13:44:01.800#,102.0,102.088,102.0,102.492,101.476,18,575,102.072,482,102.074,65,102.076,35,102.078,35,102.08,5,102.09,7,102.092,40,102.094,30,102.096,74,102.098,484,102.088
TS2503,,13:44:02.800#,102.0,102.088,102.0,102.492,101.476,18,575,102.07,5,102.072,482,102.074,65,102.076,35,102.078,40,102.09,7,102.092,40,102.094,30,102.096,74,102.098,484,102.088
TS2503,,13:44:03.300#,102.0,102.088,102.0,102.492,101.476,18,575,102.07,455,102.072,69,102.074,26,102.076,35,102.078,5,102.09,7,102.092,40,102.094,30,102.096,74,102.098,489,102.088
TS2503,,13:44:03.800#,102.0,102.088,102.0,102.492,101.476,18,575,102.07,477,102.072,74,102.074,31,102.076,35,102.078,5,102.09,7,102.092,40,102.094,30,102.096,74,102.098,489,102.088
TS2503,,13:44:04.800#,102.0,102.088,102.0,102.492,101.476,18,575,102.068,5,102.07,477,102.072,74,102.074,31,102.076,40,102.09,7,102.092,40,102.094,30,102.096,74,102.098,489,102.088
TS2503,,13:44:05.300#,102.0,102.088,102.0,102.492,101.476,18,575,102.068,460,102.07,69,102.072,30,102.074,36,102.076,5,102.09,7,102.092,40,102.094,35,102.096,69,102.098,489,102.088
TS2503,,13:44:05.800#,102.0,102.088,102.0,102.492,101.476,18,575,102.068,482,102.07,69,102.072,35,102.074,36,102.076,5,102.09,7,102.092,40,102.094,35,102.096,69,102.098,489,102.088
TS2503,,13:44:06.800#,102.0,102.088,102.0,102.492,101.476,18,575,102.044,5,102.068,482,102.07,69,102.072,35,102.074,41,102.09,7,102.092,40,102.094,35,102.096,69,102.098,489,102.088
TS2503,,13:44:07.300#,102.0,102.088,102.0,102.492,101.476,18,575,102.066,170,102.068,64,102.07,30,102.072,35,102.074,6,102.09,7,102.092,40,102.094,35,102.096,74,102.098,484,102.088
TS2503,,13:44:07.800#,102.0,102.088,102.0,102.492,101.476,18,575,102.066,482,102.068,69,102.07,35,102.072,35,102.074,6,102.09,7,102.092,40,102.094,35,102.096,74,102.098,484,102.088
TS2503,,13:44:08.800#,102.0,102.088,102.0,102.492,101.476,18,575,102.066,482,102.068,69,102.07,35,102.072,40,102.074,1,102.09,7,102.092,40,102.094,35,102.096,74,102.098,484,102.088
TS2503,,13:44:11.800#,102.0,102.088,102.0,102.492,101.476,18,575,102.066,482,102.068,69,102.07,35,102.072,40,102.074,2,102.09,7,102.092,40,102.094,35,102.096,74,102.098,484,102.088
TS2503,,13:44:17.300#,102.0,102.088,102.0,102.492,101.476,18,575,102.066,482,102.068,69,102.07,35,102.072,40,102.074,2,102.088,1,102.09,7,102.092,40,102.094,35,102.096,74,102.088
TS2503,,13:44:17.800#,102.0,102.088,102.0,102.492,101.476,18,575,102.066,392,102.068,74,102.07,30,102.072,35,102.074,1,102.088,1,102.09,22,102.092,40,102.094,64,102.096,307,102.088
TS2503,,13:44:18.300#,102.0,102.088,102.0,102.492,101.476,18,575,102.066,482,102.068,74,102.07,30,102.072,35,102.074,2,102.088,1,102.09,32,102.092,45,102.094,69,102.096,489,102.088
TS2503,,13:44:18.800#,102.0,102.088,102.0,102.492,101.476,18,575,102.066,482,102.068,74,102.07,30,102.072,40,102.074,2,102.088,1,102.09,47,102.092,35,102.094,69,102.096,489,102.088
TS2503,,13:44:24.300#,102.0,102.088,102.0,102.492,101.476,18,575,102.066,482,102.068,74,102.07,30,102.072,40,102.074,1,102.088,1,102.09,47,102.092,35,102.094,69,102.096,489,102.088
TS2503,,13:44:24.800#,102.0,102.088,102.0,102.492,101.476,18,575,102.066,482,102.068,74,102.07,30,102.072,40,102.074,2,102.088,1,102.09,47,102.092,35,102.094,69,102.096,489,102.088
TS2503,,13:44:32.800#,102.0,102.088,102.0,102.492,101.476,18,575,102.066,482,102.068,74,102.07,30,102.072,40,102.074,1,102.088,1,102.09,47,102.092,35,102.094,69,102.096,489,102.088
TS2503,,13:44:33.300#,102.0,102.088,102.0,102.492,101.476,18,575,102.066,482,102.068,74,102.07,30,102.072,40,102.074,2,102.088,1,102.09,47,102.092,35,102.094,69,102.096,489,102.088
TS2503,,13:44:36.800#,102.0,102.088,102.0,102.492,101.476,18,575,102.066,482,102.068,74,102.07,30,102.072,40,102.074,2,102.09,47,102.092,35,102.094,69,102.096,489,102.118,5,102.088
TS2503,,13:44:37.300#,102.0,102.088,102.0,102.492,101.476,18,575,102.066,482,102.068,69,102.07,35,102.072,40,102.074,2,102.09,12,102.092,35,102.094,35,102.096,69,102.098,165,102.088
TS2503,,13:44:37.800#,102.0,102.088,102.0,102.492,101.476,18,575,102.066,482,102.068,69,102.07,35,102.072,40,102.074,2,102.09,12,102.092,35,102.094,40,102.096,69,102.098,484,102.088
TS2503,,13:44:38.800#,102.0,102.088,102.0,102.492,101.476,18,575,102.066,482,102.068,69,102.07,35,102.072,40,102.074,2,102.09,7,102.092,40,102.094,40,102.096,69,102.098,484,102.088
TS2503,,13:44:39.300#,102.0,102.088,102.0,102.492,101.476,18,575,102.066,482,102.068,69,102.07,35,102.072,40,102.074,1,102.09,7,102.092,40,102.094,40,102.096,69,102.098,484,102.088
TS2503,,13:44:39.800#,102.0,102.088,102.0,102.492,101.476,18,575,102.066,482,102.068,69,102.07,35,102.072,40,102.074,2,102.09,7,102.092,40,102.094,40,102.096,69,102.098,484,102.088
TS2503,,13:44:45.800#,102.0,102.088,102.0,102.492,101.476,18,575,102.066,482,102.068,69,102.07,35,102.072,40,102.074,1,102.09,7,102.092,40,102.094,40,102.096,69,102.098,484,102.088
TS2503,,13:44:46.300#,102.0,102.088,102.0,102.492,101.476,18,575,102.066,482,102.068,69,102.07,35,102.072,40,102.074,2,102.09,7,102.092,40,102.094,40,102.096,69,102.098,484,102.088
TS2503,,13:44:52.300#,102.0,102.088,102.0,102.492,101.476,18,575,102.066,482,102.068,69,102.07,35,102.072,40,102.074,1,102.09,7,102.092,40,102.094,40,102.096,69,102.098,484,102.088
TS2503,,13:44:52.800#,102.0,102.088,102.0,102.492,101.476,18,575,102.066,482,102.068,69,102.07,35,102.072,40,102.074,2,102.09,7,102.092,40,102.094,40,102.096,69,102.098,484,102.088
TS2503,,13:44:55.300#,102.0,102.088,102.0,102.492,101.476,18,575,102.066,482,102.068,69,102.07,35,102.072,40,102.074,1,102.09,7,102.092,40,102.094,40,102.096,69,102.098,484,102.088
TS2503,,13:44:55.800#,102.0,102.088,102.0,102.492,101.476,18,575,102.066,482,102.068,69,102.07,35,102.072,40,102.074,2,102.09,7,102.092,40,102.094,40,102.096,69,102.098,484,102.088
TS2503,,13:45:03.300#,102.0,102.088,102.0,102.492,101.476,18,575,102.066,482,102.068,69,102.07,35,102.072,40,102.074,1,102.09,7,102.092,40,102.094,40,102.096,69,102.098,484,102.088
TS2503,,13:45:03.800#,102.0,102.088,102.0,102.492,101.476,18,575,102.066,482,102.068,69,102.07,35,102.072,40,102.074,2,102.09,7,102.092,40,102.094,40,102.096,69,102.098,484,102.088
TS2503,,13:45:08.300#,102.0,102.088,102.0,102.492,101.476,18,575,102.066,482,102.068,69,102.07,35,102.072,40,102.074,1,102.09,7,102.092,40,102.094,40,102.096,69,102.098,484,102.088
TS2503,,13:45:08.800#,102.0,102.088,102.0,102.492,101.476,18,575,102.066,482,102.068,69,102.07,35,102.072,40,102.074,2,102.09,7,102.092,40,102.094,40,102.096,69,102.098,484,102.088
TS2503,,13:45:14.800#,102.0,102.088,102.0,102.492,101.476,18,575,102.066,482,102.068,69,102.07,35,102.072,40,102.074,1,102.09,7,102.092,40,102.094,40,102.096,69,102.098,484,102.088
TS2503,,13:45:15.300#,102.0,102.088,102.0,102.492,101.476,18,575,102.066,482,102.068,69,102.07,35,102.072,40,102.074,2,102.09,7,102.092,40,102.094,40,102.096,69,102.098,484,102.088
TS2503,,13:45:22.800#,102.0,102.088,102.0,102.492,101.476,18,575,102.066,482,102.068,69,102.07,35,102.072,40,102.074,1,102.09,7,102.092,40,102.094,40,102.096,69,102.098,484,102.088
TS2503,,13:45:27.300#,102.0,102.088,102.0,102.492,101.476,18,575,102.066,482,102.068,69,102.07,35,102.072,40,102.074,1,102.09,7,102.092,40,102.094,40,102.096,69,102.098,484,102.088
TS2503,,13:45:27.800#,102.0,102.088,102.0,102.492,101.476,18,575,102.066,482,102.068,69,102.07,35,102.072,40,102.074,2,102.09,7,102.092,40,102.094,40,102.096,69,102.098,484,102.088
TS2503,,13:45:32.800#,102.0,102.088,102.0,102.492,101.476,18,575,102.066,482,102.068,69,102.07,35,102.072,40,102.074,1,102.09,7,102.092,40,102.094,40,102.096,69,102.098,484,102.088
TS2503,,13:45:33.300#,102.0,102.088,102.0,102.492,101.476,18,575,102.066,482,102.068,69,102.07,35,102.072,40,102.074,2,102.09,7,102.092,40,102.094,40,102.096,69,102.098,484,102.088
TS2503,,13:45:38.300#,102.0,102.088,102.0,102.492,101.476,18,575,102.066,482,102.068,69,102.07,35,102.072,40,102.074,1,102.09,7,102.092,40,102.094,40,102.096,69,102.098,484,102.088
TS2503,,13:45:38.800#,102.0,102.088,102.0,102.492,101.476,18,575,102.066,482,102.068,69,102.07,35,102.072,40,102.074,2,102.09,7,102.092,40,102.094,40,102.096,69,102.098,484,102.088
TS2503,,13:45:44.800#,102.0,102.088,102.0,102.492,101.476,18,575,102.066,482,102.068,69,102.07,35,102.072,40,102.074,1,102.09,7,102.092,40,102.094,40,102.096,69,102.098,484,102.088
TS2503,,13:45:48.800#,102.0,102.088,102.0,102.492,101.476,18,575,102.066,482,102.068,69,102.07,35,102.072,40,102.074,1,102.09,7,102.092,40,102.094,40,102.096,69,102.098,484,102.088
TS2503,,13:45:56.800#,102.0,102.088,102.0,102.492,101.476,18,575,102.066,482,102.068,69,102.07,35,102.072,40,102.074,1,102.09,7,102.092,40,102.094,40,102.096,69,102.098,484,102.088
TS2503,,13:45:57.300#,102.0,102.088,102.0,102.492,101.476,18,575,102.066,482,102.068,69,102.07,35,102.072,40,102.074,2,102.09,7,102.092,40,102.094,40,102.096,69,102.098,484,102.088
TS2503,,13:46:00.300#,102.0,102.088,102.0,102.492,101.476,18,575,102.066,482,102.068,69,102.07,35,102.072,40,102.074,1,102.09,7,102.092,40,102.094,40,102.096,69,102.098,484,102.088
TS2503,,13:46:00.800#,102.0,102.088,102.0,102.492,101.476,18,575,102.066,482,102.068,69,102.07,35,102.072,40,102.074,2,102.09,7,102.092,40,102.094,40,102.096,69,102.098,484,102.088
TS2503,,13:46:04.800#,102.0,102.088,102.0,102.492,101.476,18,575,102.066,482,102.068,69,102.07,35,102.072,40,102.074,1,102.09,7,102.092,40,102.094,40,102.096,69,102.098,484,102.088
TS2503,,13:46:05.300#,102.0,102.088,102.0,102.492,101.476,18,575,102.066,482,102.068,69,102.07,35,102.072,40,102.074,2,102.09,7,102.092,40,102.094,40,102.096,69,102.098,484,102.088
TS2503,,13:46:10.800#,102.0,102.088,102.0,102.492,101.476,18,575,102.066,482,102.068,69,102.07,35,102.072,40,102.074,1,102.09,7,102.092,40,102.094,40,102.096,69,102.098,484,102.088
TS2503,,13:46:11.300#,102.0,102.088,102.0,102.492,101.476,18,575,102.066,482,102.068,69,102.07,35,102.072,40,102.074,2,102.09,7,102.092,40,102.094,40,102.096,69,102.098,484,102.088
TS2503,,13:46:14.300#,102.0,102.088,102.0,102.492,101.476,18,575,102.066,482,102.068,69,102.07,35,102.072,40,102.074,1,102.09,7,102.092,40,102.094,40,102.096,69,102.098,484,102.088
TS2503,,13:46:14.800#,102.0,102.088,102.0,102.492,101.476,18,575,102.066,482,102.068,69,102.07,35,102.072,40,102.074,2,102.09,7,102.092,40,102.094,40,102.096,69,102.098,484,102.088
TS2503,,13:46:20.800#,102.0,102.088,102.0,102.492,101.476,18,575,102.066,482,102.068,69,102.07,35,102.072,40,102.074,1,102.09,7,102.092,40,102.094,40,102.096,69,102.098,484,102.088
TS2503,,13:46:21.300#,102.0,102.088,102.0,102.492,101.476,18,575,102.066,482,102.068,69,102.07,35,102.072,40,102.074,2,102.09,7,102.092,40,102.094,40,102.096,69,102.098,484,102.088
TS2503,,13:46:33.300#,102.0,102.088,102.0,102.492,101.476,18,575,102.066,482,102.068,69,102.07,35,102.072,40,102.074,1,102.09,7,102.092,40,102.094,40,102.096,69,102.098,484,102.088
TS2503,,13:46:33.800#,102.0,102.088,102.0,102.492,101.476,18,575,102.066,482,102.068,69,102.07,35,102.072,40,102.074,2,102.09,7,102.092,40,102.094,40,102.096,69,102.098,484,102.088
TS2503,,13:46:45.800#,102.0,102.088,102.0,102.492,101.476,18,575,102.066,482,102.068,69,102.07,35,102.072,40,102.074,1,102.09,7,102.092,40,102.094,40,102.096,69,102.098,484,102.088
TS2503,,13:46:46.300#,102.0,102.088,102.0,102.492,101.476,18,575,102.066,482,102.068,69,102.07,35,102.072,40,102.074,2,102.09,7,102.092,40,102.094,40,102.096,69,102.098,484,102.088
TS2503,,13:46:50.300#,102.0,102.088,102.0,102.492,101.476,18,575,102.066,482,102.068,69,102.07,35,102.072,40,102.074,1,102.09,7,102.092,40,102.094,40,102.096,69,102.098,484,102.088
TS2503,,13:46:50.800#,102.0,102.088,102.0,102.492,101.476,18,575,102.066,482,102.068,69,102.07,35,102.072,40,102.074,2,102.09,7,102.092,40,102.094,40,102.096,69,102.098,484,102.088
TS2503,,13:46:56.800#,102.0,102.088,102.0,102.492,101.476,18,575,102.066,482,102.068,69,102.07,35,102.072,40,102.074,1,102.09,7,102.092,40,102.094,40,102.096,69,102.098,484,102.088
TS2503,,13:46:57.300#,102.0,102.088,102.0,102.492,101.476,18,575,102.066,482,102.068,69,102.07,35,102.072,40,102.074,2,102.09,7,102.092,40,102.094,40,102.096,69,102.098,484,102.088
TS2503,,13:47:04.300#,102.0,102.088,102.0,102.492,101.476,18,575,102.066,482,102.068,69,102.07,35,102.072,40,102.074,1,102.09,7,102.092,40,102.094,40,102.096,69,102.098,484,102.088
TS2503,,13:47:04.800#,102.0,102.088,102.0,102.492,101.476,18,575,102.066,482,102.068,69,102.07,35,102.072,40,102.074,2,102.09,7,102.092,40,102.094,40,102.096,69,102.098,484,102.088
TS2503,,13:47:07.300#,102.0,102.088,102.0,102.492,101.476,18,575,102.066,482,102.068,69,102.07,35,102.072,40,102.074,1,102.09,7,102.092,40,102.094,40,102.096,69,102.098,484,102.088
TS2503,,13:47:07.800#,102.0,102.088,102.0,102.492,101.476,18,575,102.066,482,102.068,69,102.07,35,102.072,40,102.074,2,102.09,7,102.092,40,102.094,40,102.096,69,102.098,484,102.088
TS2503,,13:47:13.800#,102.0,102.088,102.0,102.492,101.476,18,575,102.066,482,102.068,69,102.07,35,102.072,40,102.074,1,102.09,7,102.092,40,102.094,40,102.096,69,102.098,484,102.088
TS2503,,13:47:14.300#,102.0,102.088,102.0,102.492,101.476,18,575,102.066,482,102.068,69,102.07,30,102.072,40,102.074,2,102.09,7,102.092,40,102.094,40,102.096,69,102.098,484,102.088
TS2503,,13:47:14.800#,102.0,102.088,102.0,102.492,101.476,18,575,102.066,482,102.068,69,102.07,35,102.072,40,102.074,2,102.09,7,102.092,40,102.094,40,102.096,69,102.098,484,102.088
TS2503,,13:47:20.800#,102.0,102.088,102.0,102.492,101.476,18,575,102.066,482,102.068,69,102.07,35,102.072,40,102.074,1,102.09,7,102.092,40,102.094,40,102.096,69,102.098,484,102.088
TS2503,,13:47:21.300#,102.0,102.088,102.0,102.492,101.476,18,575,102.066,482,102.068,69,102.07,35,102.072,40,102.074,2,102.09,7,102.092,40,102.094,40,102.096,69,102.098,484,102.088
TS2503,,13:47:26.300#,102.0,102.088,102.0,102.492,101.476,18,575,102.066,482,102.068,69,102.07,35,102.072,40,102.074,1,102.09,7,102.092,40,102.094,40,102.096,69,102.098,484,102.088
TS2503,,13:47:26.800#,102.0,102.088,102.0,102.492,101.476,18,575,102.066,482,102.068,69,102.07,35,102.072,40,102.074,2,102.09,7,102.092,40,102.094,40,102.096,69,102.098,484,102.088
TS2503,,13:47:29.300#,102.0,102.088,102.0,102.492,101.476,18,575,102.066,482,102.068,69,102.07,35,102.072,40,102.074,1,102.09,7,102.092,40,102.094,40,102.096,69,102.098,484,102.088
TS2503,,13:47:29.800#,102.0,102.088,102.0,102.492,101.476,18,575,102.066,482,102.068,69,102.07,35,102.072,40,102.074,2,102.09,7,102.092,40,102.094,40,102.096,69,102.098,484,102.088
TS2503,,13:47:34.800#,102.0,102.088,102.0,102.492,101.476,18,575,102.066,482,102.068,69,102.07,35,102.072,40,102.074,1,102.09,7,102.092,40,102.094,40,102.096,69,102.098,484,102.088
TS2503,,13:47:35.300#,102.0,102.088,102.0,102.492,101.476,18,575,102.066,482,102.068,69,102.07,35,102.072,40,102.074,2,102.09,7,102.092,40,102.094,40,102.096,69,102.098,484,102.088
TS2503,,13:47:41.300#,102.0,102.088,102.0,102.492,101.476,18,575,102.066,482,102.068,69,102.07,35,102.072,40,102.074,1,102.09,7,102.092,40,102.094,40,102.096,69,102.098,484,102.088
TS2503,,13:47:41.800#,102.0,102.088,102.0,102.492,101.476,18,575,102.066,482,102.068,69,102.07,35,102.072,40,102.074,2,102.09,7,102.092,40,102.094,35,102.096,69,102.098,484,102.088
TS2503,,13:47:42.300#,102.0,102.088,102.0,102.492,101.476,18,575,102.066,482,102.068,69,102.07,35,102.072,40,102.074,2,102.09,7,102.092,40,102.094,40,102.096,69,102.098,484,102.088
TS2503,,13:47:53.800#,102.0,102.088,102.0,102.492,101.476,18,575,102.066,482,102.068,69,102.07,35,102.072,40,102.074,1,102.09,7,102.092,40,102.094,40,102.096,69,102.098,484,102.088
TS2503,,13:47:54.300#,102.0,102.088,102.0,102.492,101.476,18,575,102.066,482,102.068,69,102.07,35,102.072,40,102.074,2,102.09,7,102.092,40,102.094,40,102.096,69,102.098,484,102.088
TS2503,,13:48:00.300#,102.0,102.088,102.0,102.492,101.476,18,575,102.066,482,102.068,69,102.07,35,102.072,40,102.074,1,102.09,7,102.092,40,102.094,40,102.096,69,102.098,484,102.088
TS2503,,13:48:00.800#,102.0,102.088,102.0,102.492,101.476,18,575,102.066,482,102.068,69,102.07,35,102.072,40,102.074,2,102.09,7,102.092,40,102.094,40,102.096,69,102.098,484,102.088
TS2503,,13:48:03.800#,102.0,102.088,102.0,102.492,101.476,18,575,102.066,482,102.068,69,102.07,35,102.072,40,102.074,1,102.09,7,102.092,40,102.094,40,102.096,69,102.098,484,102.088
TS2503,,13:48:04.300#,102.0,102.088,102.0,102.492,101.476,18,575,102.066,482,102.068,69,102.07,35,102.072,40,102.074,2,102.09,7,102.092,40,102.094,40,102.096,69,102.098,484,102.088
TS2503,,13:48:06.800#,102.0,102.088,102.0,102.492,101.476,18,575,102.066,482,102.068,69,102.07,35,102.072,40,102.074,1,102.09,7,102.092,40,102.094,40,102.096,69,102.098,484,102.088
TS2503,,13:48:07.300#,102.0,102.088,102.0,102.492,101.476,18,575,102.066,482,102.068,69,102.07,35,102.072,40,102.074,2,102.09,7,102.092,40,102.094,40,102.096,69,102.098,484,102.088
TS2503,,13:48:11.800#,102.0,102.088,102.0,102.492,101.476,18,575,102.066,482,102.068,69,102.07,35,102.072,40,102.074,1,102.09,7,102.092,40,102.094,40,102.096,69,102.098,484,102.088
TS2503,,13:48:12.300#,102.0,102.088,102.0,102.492,101.476,18,575,102.066,482,102.068,69,102.07,35,102.072,40,102.074,2,102.09,7,102.092,40,102.094,40,102.096,69,102.098,484,102.088
TS2503,,13:48:18.300#,102.0,102.088,102.0,102.492,101.476,18,575,102.066,482,102.068,69,102.07,35,102.072,40,102.074,1,102.09,7,102.092,40,102.094,40,102.096,69,102.098,484,102.088
TS2503,,13:48:18.800#,102.0,102.088,102.0,102.492,101.476,18,575,102.066,482,102.068,69,102.07,35,102.072,40,102.074,2,102.09,7,102.092,40,102.094,40,102.096,69,102.098,484,102.088
TS2503,,13:48:26.800#,102.0,102.088,102.0,102.492,101.476,18,575,102.066,482,102.068,69,102.07,35,102.072,40,102.074,1,102.09,7,102.092,40,102.094,40,102.096,69,102.098,484,102.088
TS2503,,13:48:27.300#,102.0,102.088,102.0,102.492,101.476,18,575,102.066,482,102.068,69,102.07,35,102.072,40,102.074,2,102.09,7,102.092,40,102.094,40,102.096,69,102.098,484,102.088
TS2503,,13:48:29.800#,102.0,102.088,102.0,102.492,101.476,18,575,102.066,482,102.068,69,102.07,35,102.072,40,102.074,1,102.09,7,102.092,40,102.094,40,102.096,69,102.098,484,102.088
TS2503,,13:48:30.300#,102.0,102.088,102.0,102.492,101.476,18,575,102.066,482,102.068,69,102.07,35,102.072,40,102.074,2,102.09,7,102.092,40,102.094,40,102.096,69,102.098,484,102.088
TS2503,,13:48:36.300#,102.0,102.088,102.0,102.492,101.476,18,575,102.066,482,102.068,69,102.07,35,102.072,40,102.074,1,102.09,7,102.092,40,102.094,40,102.096,69,102.098,484,102.088
TS2503,,13:48:36.800#,102.0,102.088,102.0,102.492,101.476,18,575,102.066,482,102.068,69,102.07,35,102.072,40,102.074,2,102.09,7,102.092,40,102.094,40,102.096,69,102.098,484,102.088
TS2503,,13:48:43.800#,102.0,102.088,102.0,102.492,101.476,18,575,102.066,482,102.068,69,102.07,35,102.072,40,102.074,1,102.09,7,102.092,40,102.094,40,102.096,69,102.098,484,102.088
TS2503,,13:48:44.300#,102.0,102.088,102.0,102.492,101.476,18,575,102.066,482,102.068,69,102.07,35,102.072,40,102.074,2,102.09,7,102.092,40,102.094,40,102.096,69,102.098,484,102.088
TS2503,,13:48:47.300#,102.0,102.088,102.0,102.492,101.476,18,575,102.066,482,102.068,69,102.07,35,102.072,40,102.074,1,102.09,7,102.092,40,102.094,40,102.096,69,102.098,484,102.088
TS2503,,13:48:47.800#,102.0,102.088,102.0,102.492,101.476,18,575,102.066,482,102.068,69,102.07,35,102.072,40,102.074,2,102.09,7,102.092,40,102.094,40,102.096,69,102.098,484,102.088
TS2503,,13:48:53.800#,102.0,102.088,102.0,102.492,101.476,18,575,102.066,482,102.068,69,102.07,35,102.072,40,102.074,1,102.09,7,102.092,40,102.094,40,102.096,69,102.098,484,102.088
TS2503,,13:48:54.300#,102.0,102.088,102.0,102.492,101.476,18,575,102.066,482,102.068,69,102.07,35,102.072,40,102.074,2,102.09,7,102.092,40,102.094,40,102.096,69,102.098,484,102.088
TS2503,,13:49:06.300#,102.0,102.088,102.0,102.492,101.476,18,575,102.066,482,102.068,69,102.07,35,102.072,40,102.074,1,102.09,7,102.092,40,102.094,40,102.096,69,102.098,484,102.088
TS2503,,13:49:06.800#,102.0,102.088,102.0,102.492,101.476,18,575,102.066,482,102.068,69,102.07,35,102.072,40,102.074,2,102.09,7,102.092,40,102.094,40,102.096,69,102.098,484,102.088
TS2503,,13:49:18.800#,102.0,102.088,102.0,102.492,101.476,18,575,102.066,482,102.068,69,102.07,35,102.072,40,102.074,1,102.09,7,102.092,40,102.094,40,102.096,69,102.098,484,102.088
TS2503,,13:49:19.300#,102.0,102.088,102.0,102.492,101.476,18,575,102.066,482,102.068,69,102.07,35,102.072,40,102.074,2,102.09,7,102.092,40,102.094,40,102.096,69,102.098,484,102.088
TS2503,,13:49:25.300#,102.0,102.088,102.0,102.492,101.476,18,575,102.066,482,102.068,69,102.07,35,102.072,40,102.074,1,102.09,7,102.092,40,102.094,40,102.096,69,102.098,484,102.088
TS2503,,13:49:26.300#,102.0,102.088,102.0,102.492,101.476,18,575,102.066,482,102.068,69,102.07,35,102.072,40,102.074,2,102.09,7,102.092,40,102.094,40,102.096,69,102.098,484,102.088
