InstrumentId,ExchangeId,Datetime,OpenPrice,HighestPrice,LowestPrice,UpperLimitPrice,LowerLimitPrice,Volume,OpenInterest,BidPrice5,BidVolume5,BidPrice4,BidVolume4,BidPrice3,BidVolume3,BidPrice2,BidVolume2,BidPrice1,BidVolume1,AskPrice1,AskVolume1,AskPrice2,AskVolume2,AskPrice3,AskVolume3,AskPrice4,AskVolume4,AskPrice5,AskVolume5,LastPrice
UR409,,13:38:35.750#,2023.0,2027.0,2007.0,2223.0,1855.0,98350,169003,2014.0,170,2015.0,556,2016.0,161,2017.0,255,2018.0,123,2019.0,213,2020.0,196,2021.0,58,2022.0,92,2023.0,110,2019.0
UR409,,13:38:36.250#,2023.0,2027.0,2007.0,2223.0,1855.0,98350,169003,2014.0,170,2015.0,556,2016.0,161,2017.0,255,2018.0,108,2019.0,213,2020.0,196,2021.0,58,2022.0,92,2023.0,110,2019.0
UR409,,13:38:36.500#,2023.0,2027.0,2007.0,2223.0,1855.0,98350,169003,2014.0,170,2015.0,556,2016.0,161,2017.0,255,2018.0,108,2019.0,213,2020.0,196,2021.0,58,2022.0,92,2023.0,110,2019.0
UR409,,13:38:37.0#,2023.0,2027.0,2007.0,2223.0,1855.0,98350,169003,2014.0,170,2015.0,556,2016.0,161,2017.0,255,2018.0,107,2019.0,213,2020.0,196,2021.0,58,2022.0,92,2023.0,110,2019.0
UR409,,13:38:37.250#,2023.0,2027.0,2007.0,2223.0,1855.0,98350,169003,2014.0,170,2015.0,556,2016.0,161,2017.0,255,2018.0,107,2019.0,213,2020.0,196,2021.0,58,2022.0,92,2023.0,110,2019.0
UR409,,13:38:38.250#,2023.0,2027.0,2007.0,2223.0,1855.0,98351,169003,2014.0,170,2015.0,556,2016.0,161,2017.0,255,2018.0,107,2019.0,212,2020.0,196,2021.0,58,2022.0,92,2023.0,110,2019.0
UR409,,13:38:39.250#,2023.0,2027.0,2007.0,2223.0,1855.0,98351,169003,2014.0,170,2015.0,556,2016.0,161,2017.0,255,2018.0,107,2019.0,212,2020.0,196,2021.0,58,2022.0,92,2023.0,110,2019.0
UR409,,13:38:41.250#,2023.0,2027.0,2007.0,2223.0,1855.0,98351,169003,2014.0,170,2015.0,556,2016.0,161,2017.0,255,2018.0,110,2019.0,212,2020.0,196,2021.0,58,2022.0,92,2023.0,110,2019.0
UR409,,13:38:41.500#,2023.0,2027.0,2007.0,2223.0,1855.0,98351,169003,2014.0,170,2015.0,556,2016.0,161,2017.0,255,2018.0,110,2019.0,212,2020.0,196,2021.0,58,2022.0,92,2023.0,110,2019.0
UR409,,13:38:41.750#,2023.0,2027.0,2007.0,2223.0,1855.0,98351,169003,2014.0,170,2015.0,556,2016.0,161,2017.0,255,2018.0,110,2019.0,212,2020.0,196,2021.0,58,2022.0,92,2023.0,110,2019.0
UR409,,13:38:42.0#,2023.0,2027.0,2007.0,2223.0,1855.0,98351,169003,2014.0,170,2015.0,556,2016.0,161,2017.0,255,2018.0,112,2019.0,213,2020.0,196,2021.0,58,2022.0,92,2023.0,110,2019.0
UR409,,13:38:42.250#,2023.0,2027.0,2007.0,2223.0,1855.0,98351,169003,2014.0,170,2015.0,556,2016.0,161,2017.0,255,2018.0,112,2019.0,213,2020.0,196,2021.0,58,2022.0,92,2023.0,110,2019.0
UR409,,13:38:42.500#,2023.0,2027.0,2007.0,2223.0,1855.0,98351,169003,2014.0,170,2015.0,556,2016.0,161,2017.0,255,2018.0,110,2019.0,213,2020.0,196,2021.0,58,2022.0,92,2023.0,110,2019.0
UR409,,13:38:42.750#,2023.0,2027.0,2007.0,2223.0,1855.0,98352,169003,2014.0,170,2015.0,556,2016.0,161,2017.0,255,2018.0,110,2019.0,212,2020.0,196,2021.0,58,2022.0,92,2023.0,110,2019.0
UR409,,13:38:43.0#,2023.0,2027.0,2007.0,2223.0,1855.0,98352,169003,2014.0,170,2015.0,556,2016.0,161,2017.0,255,2018.0,111,2019.0,210,2020.0,196,2021.0,58,2022.0,92,2023.0,110,2019.0
UR409,,13:38:43.250#,2023.0,2027.0,2007.0,2223.0,1855.0,98354,169003,2014.0,170,2015.0,556,2016.0,161,2017.0,255,2018.0,111,2019.0,208,2020.0,196,2021.0,58,2022.0,92,2023.0,110,2019.0
UR409,,13:38:45.250#,2023.0,2027.0,2007.0,2223.0,1855.0,98354,169003,2014.0,170,2015.0,556,2016.0,162,2017.0,255,2018.0,111,2019.0,208,2020.0,196,2021.0,58,2022.0,92,2023.0,110,2019.0
UR409,,13:38:46.0#,2023.0,2027.0,2007.0,2223.0,1855.0,98354,169003,2014.0,170,2015.0,556,2016.0,162,2017.0,255,2018.0,111,2019.0,208,2020.0,196,2021.0,58,2022.0,92,2023.0,110,2019.0
UR409,,13:38:46.250#,2023.0,2027.0,2007.0,2223.0,1855.0,98354,169003,2014.0,170,2015.0,556,2016.0,162,2017.0,255,2018.0,111,2019.0,209,2020.0,196,2021.0,58,2022.0,92,2023.0,110,2019.0
UR409,,13:38:48.250#,2023.0,2027.0,2007.0,2223.0,1855.0,98354,169003,2014.0,170,2015.0,556,2016.0,162,2017.0,254,2018.0,111,2019.0,209,2020.0,196,2021.0,58,2022.0,92,2023.0,110,2019.0
UR409,,13:38:49.750#,2023.0,2027.0,2007.0,2223.0,1855.0,98355,169003,2014.0,170,2015.0,556,2016.0,162,2017.0,254,2018.0,110,2019.0,208,2020.0,196,2021.0,58,2022.0,92,2023.0,110,2018.0
UR409,,13:38:50.0#,2023.0,2027.0,2007.0,2223.0,1855.0,98355,169003,2014.0,170,2015.0,556,2016.0,162,2017.0,254,2018.0,111,2019.0,208,2020.0,196,2021.0,58,2022.0,92,2023.0,110,2018.0
UR409,,13:38:51.500#,2023.0,2027.0,2007.0,2223.0,1855.0,98356,169003,2014.0,170,2015.0,556,2016.0,162,2017.0,254,2018.0,109,2019.0,207,2020.0,196,2021.0,58,2022.0,92,2023.0,110,2019.0
UR409,,13:38:51.750#,2023.0,2027.0,2007.0,2223.0,1855.0,98357,169003,2014.0,170,2015.0,556,2016.0,162,2017.0,254,2018.0,108,2019.0,204,2020.0,196,2021.0,58,2022.0,92,2023.0,110,2019.0
UR409,,13:38:52.0#,2023.0,2027.0,2007.0,2223.0,1855.0,98358,169003,2014.0,170,2015.0,556,2016.0,162,2017.0,253,2018.0,108,2019.0,203,2020.0,196,2021.0,58,2022.0,92,2023.0,110,2019.0
UR409,,13:38:53.250#,2023.0,2027.0,2007.0,2223.0,1855.0,98368,169007,2014.0,170,2015.0,556,2016.0,162,2017.0,253,2018.0,98,2019.0,203,2020.0,196,2021.0,58,2022.0,92,2023.0,110,2018.0
UR409,,13:38:53.500#,2023.0,2027.0,2007.0,2223.0,1855.0,98368,169007,2014.0,170,2015.0,556,2016.0,162,2017.0,253,2018.0,96,2019.0,203,2020.0,196,2021.0,58,2022.0,92,2023.0,110,2018.0
UR409,,13:38:54.250#,2023.0,2027.0,2007.0,2223.0,1855.0,98369,169007,2014.0,170,2015.0,556,2016.0,162,2017.0,253,2018.0,96,2019.0,202,2020.0,196,2021.0,58,2022.0,92,2023.0,110,2019.0
UR409,,13:38:55.250#,2023.0,2027.0,2007.0,2223.0,1855.0,98369,169007,2014.0,170,2015.0,556,2016.0,162,2017.0,254,2018.0,96,2019.0,202,2020.0,196,2021.0,58,2022.0,92,2023.0,110,2019.0
UR409,,13:38:55.500#,2023.0,2027.0,2007.0,2223.0,1855.0,98370,169007,2014.0,170,2015.0,556,2016.0,162,2017.0,254,2018.0,95,2019.0,202,2020.0,196,2021.0,58,2022.0,92,2023.0,110,2018.0
UR409,,13:38:55.750#,2023.0,2027.0,2007.0,2223.0,1855.0,98370,169007,2014.0,170,2015.0,556,2016.0,162,2017.0,257,2018.0,95,2019.0,202,2020.0,196,2021.0,58,2022.0,92,2023.0,110,2018.0
UR409,,13:38:57.750#,2023.0,2027.0,2007.0,2223.0,1855.0,98370,169007,2014.0,170,2015.0,556,2016.0,162,2017.0,257,2018.0,97,2019.0,202,2020.0,196,2021.0,58,2022.0,92,2023.0,110,2018.0
UR409,,13:38:58.0#,2023.0,2027.0,2007.0,2223.0,1855.0,98370,169007,2014.0,170,2015.0,556,2016.0,162,2017.0,257,2018.0,98,2019.0,202,2020.0,196,2021.0,58,2022.0,92,2023.0,110,2018.0
UR409,,13:38:58.750#,2023.0,2027.0,2007.0,2223.0,1855.0,98370,169007,2014.0,170,2015.0,556,2016.0,162,2017.0,257,2018.0,108,2019.0,202,2020.0,196,2021.0,58,2022.0,92,2023.0,110,2018.0
UR409,,13:38:59.250#,2023.0,2027.0,2007.0,2223.0,1855.0,98370,169007,2014.0,170,2015.0,556,2016.0,162,2017.0,257,2018.0,118,2019.0,203,2020.0,196,2021.0,58,2022.0,92,2023.0,110,2018.0
UR409,,13:38:59.500#,2023.0,2027.0,2007.0,2223.0,1855.0,98370,169007,2014.0,170,2015.0,556,2016.0,162,2017.0,257,2018.0,116,2019.0,203,2020.0,196,2021.0,58,2022.0,92,2023.0,110,2018.0
UR409,,13:39:00.250#,2023.0,2027.0,2007.0,2223.0,1855.0,98370,169007,2014.0,170,2015.0,556,2016.0,162,2017.0,257,2018.0,117,2019.0,203,2020.0,196,2021.0,58,2022.0,92,2023.0,110,2018.0
UR409,,13:39:00.500#,2023.0,2027.0,2007.0,2223.0,1855.0,98370,169007,2014.0,170,2015.0,556,2016.0,162,2017.0,257,2018.0,126,2019.0,203,2020.0,196,2021.0,58,2022.0,92,2023.0,110,2018.0
UR409,,13:39:00.750#,2023.0,2027.0,2007.0,2223.0,1855.0,98370,169007,2014.0,170,2015.0,556,2016.0,162,2017.0,257,2018.0,128,2019.0,203,2020.0,196,2021.0,58,2022.0,92,2023.0,110,2018.0
UR409,,13:39:01.250#,2023.0,2027.0,2007.0,2223.0,1855.0,98370,169007,2014.0,170,2015.0,556,2016.0,162,2017.0,257,2018.0,128,2019.0,202,2020.0,196,2021.0,58,2022.0,92,2023.0,110,2018.0
UR409,,13:39:01.500#,2023.0,2027.0,2007.0,2223.0,1855.0,98370,169007,2014.0,170,2015.0,556,2016.0,162,2017.0,257,2018.0,129,2019.0,201,2020.0,196,2021.0,58,2022.0,92,2023.0,110,2018.0
UR409,,13:39:02.0#,2023.0,2027.0,2007.0,2223.0,1855.0,98370,169007,2014.0,170,2015.0,556,2016.0,162,2017.0,257,2018.0,129,2019.0,202,2020.0,196,2021.0,58,2022.0,92,2023.0,110,2018.0
UR409,,13:39:02.500#,2023.0,2027.0,2007.0,2223.0,1855.0,98370,169007,2014.0,170,2015.0,556,2016.0,162,2017.0,257,2018.0,131,2019.0,202,2020.0,196,2021.0,58,2022.0,92,2023.0,110,2018.0
UR409,,13:39:02.750#,2023.0,2027.0,2007.0,2223.0,1855.0,98371,169007,2014.0,170,2015.0,556,2016.0,168,2017.0,257,2018.0,130,2019.0,202,2020.0,196,2021.0,58,2022.0,92,2023.0,110,2018.0
UR409,,13:39:03.0#,2023.0,2027.0,2007.0,2223.0,1855.0,98371,169007,2014.0,170,2015.0,556,2016.0,168,2017.0,257,2018.0,131,2019.0,202,2020.0,196,2021.0,58,2022.0,92,2023.0,110,2018.0
UR409,,13:39:03.750#,2023.0,2027.0,2007.0,2223.0,1855.0,98371,169007,2014.0,170,2015.0,556,2016.0,168,2017.0,257,2018.0,135,2019.0,202,2020.0,196,2021.0,58,2022.0,92,2023.0,110,2018.0
UR409,,13:39:04.0#,2023.0,2027.0,2007.0,2223.0,1855.0,98371,169007,2014.0,170,2015.0,556,2016.0,168,2017.0,257,2018.0,136,2019.0,202,2020.0,196,2021.0,58,2022.0,92,2023.0,110,2018.0
UR409,,13:39:04.250#,2023.0,2027.0,2007.0,2223.0,1855.0,98371,169007,2014.0,170,2015.0,556,2016.0,168,2017.0,257,2018.0,156,2019.0,202,2020.0,196,2021.0,58,2022.0,92,2023.0,110,2018.0
UR409,,13:39:04.500#,2023.0,2027.0,2007.0,2223.0,1855.0,98371,169007,2014.0,170,2015.0,556,2016.0,168,2017.0,257,2018.0,160,2019.0,202,2020.0,196,2021.0,58,2022.0,92,2023.0,110,2018.0
UR409,,13:39:05.250#,2023.0,2027.0,2007.0,2223.0,1855.0,98371,169007,2014.0,170,2015.0,556,2016.0,168,2017.0,257,2018.0,164,2019.0,202,2020.0,196,2021.0,58,2022.0,92,2023.0,110,2018.0
UR409,,13:39:05.500#,2023.0,2027.0,2007.0,2223.0,1855.0,98371,169007,2014.0,170,2015.0,556,2016.0,168,2017.0,258,2018.0,164,2019.0,202,2020.0,196,2021.0,58,2022.0,92,2023.0,110,2018.0
UR409,,13:39:05.750#,2023.0,2027.0,2007.0,2223.0,1855.0,98371,169007,2014.0,170,2015.0,555,2016.0,168,2017.0,258,2018.0,164,2019.0,201,2020.0,196,2021.0,58,2022.0,92,2023.0,110,2018.0
UR409,,13:39:06.0#,2023.0,2027.0,2007.0,2223.0,1855.0,98372,169006,2014.0,170,2015.0,555,2016.0,168,2017.0,258,2018.0,163,2019.0,201,2020.0,196,2021.0,58,2022.0,92,2023.0,110,2018.0
UR409,,13:39:06.250#,2023.0,2027.0,2007.0,2223.0,1855.0,98372,169006,2014.0,170,2015.0,555,2016.0,168,2017.0,258,2018.0,157,2019.0,201,2020.0,196,2021.0,58,2022.0,92,2023.0,110,2018.0
UR409,,13:39:06.750#,2023.0,2027.0,2007.0,2223.0,1855.0,98375,169004,2014.0,170,2015.0,555,2016.0,168,2017.0,258,2018.0,154,2019.0,198,2020.0,196,2021.0,58,2022.0,92,2023.0,110,2018.0
UR409,,13:39:07.250#,2023.0,2027.0,2007.0,2223.0,1855.0,98375,169004,2014.0,170,2015.0,555,2016.0,168,2017.0,258,2018.0,154,2019.0,198,2020.0,196,2021.0,58,2022.0,92,2023.0,110,2018.0
UR409,,13:39:08.500#,2023.0,2027.0,2007.0,2223.0,1855.0,98375,169004,2014.0,170,2015.0,555,2016.0,169,2017.0,258,2018.0,154,2019.0,198,2020.0,196,2021.0,58,2022.0,92,2023.0,110,2018.0
UR409,,13:39:09.500#,2023.0,2027.0,2007.0,2223.0,1855.0,98375,169004,2014.0,170,2015.0,555,2016.0,169,2017.0,258,2018.0,156,2019.0,198,2020.0,196,2021.0,58,2022.0,92,2023.0,110,2018.0
UR409,,13:39:09.750#,2023.0,2027.0,2007.0,2223.0,1855.0,98375,169004,2014.0,170,2015.0,555,2016.0,169,2017.0,258,2018.0,156,2019.0,199,2020.0,196,2021.0,58,2022.0,92,2023.0,110,2018.0
UR409,,13:39:10.500#,2023.0,2027.0,2007.0,2223.0,1855.0,98375,169004,2014.0,170,2015.0,555,2016.0,169,2017.0,258,2018.0,157,2019.0,199,2020.0,196,2021.0,58,2022.0,92,2023.0,110,2018.0
UR409,,13:39:11.750#,2023.0,2027.0,2007.0,2223.0,1855.0,98375,169004,2014.0,170,2015.0,555,2016.0,168,2017.0,258,2018.0,157,2019.0,199,2020.0,196,2021.0,58,2022.0,92,2023.0,110,2018.0
UR409,,13:39:12.750#,2023.0,2027.0,2007.0,2223.0,1855.0,98375,169004,2014.0,170,2015.0,555,2016.0,168,2017.0,258,2018.0,157,2019.0,199,2020.0,196,2021.0,58,2022.0,92,2023.0,110,2018.0
UR409,,13:39:13.250#,2023.0,2027.0,2007.0,2223.0,1855.0,98375,169004,2014.0,170,2015.0,555,2016.0,168,2017.0,258,2018.0,157,2019.0,199,2020.0,196,2021.0,58,2022.0,92,2023.0,110,2018.0
UR409,,13:39:13.500#,2023.0,2027.0,2007.0,2223.0,1855.0,98379,169004,2014.0,170,2015.0,555,2016.0,168,2017.0,258,2018.0,153,2019.0,201,2020.0,196,2021.0,58,2022.0,92,2023.0,110,2018.0
UR409,,13:39:13.750#,2023.0,2027.0,2007.0,2223.0,1855.0,98379,169004,2014.0,170,2015.0,555,2016.0,168,2017.0,258,2018.0,144,2019.0,201,2020.0,196,2021.0,58,2022.0,92,2023.0,110,2018.0
UR409,,13:39:14.250#,2023.0,2027.0,2007.0,2223.0,1855.0,98380,169004,2014.0,170,2015.0,555,2016.0,168,2017.0,258,2018.0,143,2019.0,201,2020.0,196,2021.0,58,2022.0,92,2023.0,110,2018.0
UR409,,13:39:14.500#,2023.0,2027.0,2007.0,2223.0,1855.0,98381,169004,2014.0,170,2015.0,555,2016.0,168,2017.0,258,2018.0,142,2019.0,201,2020.0,196,2021.0,58,2022.0,92,2023.0,110,2018.0
UR409,,13:39:14.750#,2023.0,2027.0,2007.0,2223.0,1855.0,98382,169004,2014.0,170,2015.0,556,2016.0,168,2017.0,258,2018.0,161,2019.0,201,2020.0,195,2021.0,58,2022.0,92,2023.0,110,2018.0
UR409,,13:39:15.0#,2023.0,2027.0,2007.0,2223.0,1855.0,98383,169004,2014.0,170,2015.0,556,2016.0,168,2017.0,258,2018.0,160,2019.0,202,2020.0,195,2021.0,58,2022.0,92,2023.0,110,2018.0
UR409,,13:39:15.500#,2023.0,2027.0,2007.0,2223.0,1855.0,98384,169004,2014.0,170,2015.0,556,2016.0,168,2017.0,258,2018.0,159,2019.0,202,2020.0,195,2021.0,58,2022.0,92,2023.0,110,2018.0
UR409,,13:39:17.0#,2023.0,2027.0,2007.0,2223.0,1855.0,98384,169004,2014.0,170,2015.0,556,2016.0,168,2017.0,258,2018.0,160,2019.0,202,2020.0,195,2021.0,58,2022.0,92,2023.0,110,2018.0
UR409,,13:39:17.250#,2023.0,2027.0,2007.0,2223.0,1855.0,98384,169004,2014.0,170,2015.0,556,2016.0,168,2017.0,258,2018.0,160,2019.0,202,2020.0,205,2021.0,48,2022.0,92,2023.0,110,2018.0
UR409,,13:39:17.500#,2023.0,2027.0,2007.0,2223.0,1855.0,98385,169004,2014.0,170,2015.0,556,2016.0,168,2017.0,258,2018.0,159,2019.0,202,2020.0,205,2021.0,48,2022.0,92,2023.0,110,2018.0
UR409,,13:39:18.0#,2023.0,2027.0,2007.0,2223.0,1855.0,98385,169004,2014.0,170,2015.0,556,2016.0,168,2017.0,258,2018.0,159,2019.0,202,2020.0,205,2021.0,38,2022.0,92,2023.0,110,2018.0
UR409,,13:39:20.750#,2023.0,2027.0,2007.0,2223.0,1855.0,98385,169004,2014.0,170,2015.0,556,2016.0,169,2017.0,258,2018.0,159,2019.0,202,2020.0,205,2021.0,38,2022.0,92,2023.0,110,2018.0
UR409,,13:39:21.0#,2023.0,2027.0,2007.0,2223.0,1855.0,98385,169004,2014.0,170,2015.0,556,2016.0,171,2017.0,258,2018.0,157,2019.0,202,2020.0,205,2021.0,38,2022.0,92,2023.0,110,2018.0
UR409,,13:39:21.500#,2023.0,2027.0,2007.0,2223.0,1855.0,98385,169004,2014.0,170,2015.0,556,2016.0,171,2017.0,258,2018.0,157,2019.0,202,2020.0,205,2021.0,38,2022.0,92,2023.0,110,2018.0
UR409,,13:39:21.750#,2023.0,2027.0,2007.0,2223.0,1855.0,98385,169004,2014.0,130,2015.0,556,2016.0,171,2017.0,258,2018.0,157,2019.0,202,2020.0,205,2021.0,38,2022.0,92,2023.0,110,2018.0
UR409,,13:39:23.750#,2023.0,2027.0,2007.0,2223.0,1855.0,98391,169003,2014.0,130,2015.0,556,2016.0,171,2017.0,258,2018.0,151,2019.0,202,2020.0,205,2021.0,38,2022.0,92,2023.0,110,2018.0
UR409,,13:39:24.0#,2023.0,2027.0,2007.0,2223.0,1855.0,98391,169003,2014.0,130,2015.0,556,2016.0,171,2017.0,258,2018.0,151,2019.0,201,2020.0,205,2021.0,38,2022.0,92,2023.0,110,2018.0
UR409,,13:39:25.0#,2023.0,2027.0,2007.0,2223.0,1855.0,98391,169003,2014.0,130,2015.0,556,2016.0,171,2017.0,258,2018.0,156,2019.0,201,2020.0,205,2021.0,38,2022.0,92,2023.0,110,2018.0
UR409,,13:39:25.250#,2023.0,2027.0,2007.0,2223.0,1855.0,98391,169003,2014.0,130,2015.0,556,2016.0,171,2017.0,258,2018.0,157,2019.0,201,2020.0,205,2021.0,38,2022.0,92,2023.0,109,2018.0
UR409,,13:39:25.500#,2023.0,2027.0,2007.0,2223.0,1855.0,98391,169003,2014.0,130,2015.0,556,2016.0,171,2017.0,258,2018.0,154,2019.0,201,2020.0,205,2021.0,38,2022.0,92,2023.0,109,2018.0
UR409,,13:39:26.250#,2023.0,2027.0,2007.0,2223.0,1855.0,98391,169003,2014.0,130,2015.0,556,2016.0,171,2017.0,258,2018.0,154,2019.0,201,2020.0,205,2021.0,38,2022.0,92,2023.0,109,2018.0
UR409,,13:39:27.500#,2023.0,2027.0,2007.0,2223.0,1855.0,98391,169003,2014.0,130,2015.0,556,2016.0,171,2017.0,258,2018.0,154,2019.0,201,2020.0,210,2021.0,38,2022.0,92,2023.0,109,2018.0
UR409,,13:39:27.750#,2023.0,2027.0,2007.0,2223.0,1855.0,98391,169003,2014.0,130,2015.0,556,2016.0,171,2017.0,258,2018.0,154,2019.0,201,2020.0,210,2021.0,38,2022.0,92,2023.0,109,2018.0
UR409,,13:39:28.750#,2023.0,2027.0,2007.0,2223.0,1855.0,98391,169003,2014.0,130,2015.0,556,2016.0,171,2017.0,258,2018.0,154,2019.0,199,2020.0,210,2021.0,38,2022.0,92,2023.0,109,2018.0
UR409,,13:39:29.0#,2023.0,2027.0,2007.0,2223.0,1855.0,98391,169003,2014.0,130,2015.0,556,2016.0,171,2017.0,258,2018.0,154,2019.0,197,2020.0,210,2021.0,38,2022.0,92,2023.0,109,2018.0
UR409,,13:39:30.250#,2023.0,2027.0,2007.0,2223.0,1855.0,98391,169003,2014.0,130,2015.0,556,2016.0,171,2017.0,258,2018.0,154,2019.0,197,2020.0,210,2021.0,38,2022.0,92,2023.0,109,2018.0
UR409,,13:39:30.750#,2023.0,2027.0,2007.0,2223.0,1855.0,98391,169003,2014.0,130,2015.0,556,2016.0,171,2017.0,258,2018.0,153,2019.0,197,2020.0,210,2021.0,38,2022.0,92,2023.0,109,2018.0
UR409,,13:39:31.0#,2023.0,2027.0,2007.0,2223.0,1855.0,98391,169003,2014.0,130,2015.0,556,2016.0,171,2017.0,258,2018.0,153,2019.0,196,2020.0,210,2021.0,38,2022.0,92,2023.0,109,2018.0
UR409,,13:39:31.250#,2023.0,2027.0,2007.0,2223.0,1855.0,98391,169003,2014.0,130,2015.0,555,2016.0,171,2017.0,258,2018.0,153,2019.0,196,2020.0,210,2021.0,38,2022.0,92,2023.0,109,2018.0
UR409,,13:39:32.0#,2023.0,2027.0,2007.0,2223.0,1855.0,98391,169003,2014.0,130,2015.0,555,2016.0,171,2017.0,258,2018.0,153,2019.0,196,2020.0,210,2021.0,38,2022.0,92,2023.0,109,2018.0
UR409,,13:39:32.250#,2023.0,2027.0,2007.0,2223.0,1855.0,98391,169003,2014.0,130,2015.0,555,2016.0,171,2017.0,258,2018.0,154,2019.0,196,2020.0,210,2021.0,38,2022.0,92,2023.0,109,2018.0
UR409,,13:39:32.500#,2023.0,2027.0,2007.0,2223.0,1855.0,98391,169003,2014.0,130,2015.0,555,2016.0,171,2017.0,258,2018.0,154,2019.0,198,2020.0,210,2021.0,38,2022.0,92,2023.0,109,2018.0
UR409,,13:39:33.0#,2023.0,2027.0,2007.0,2223.0,1855.0,98391,169003,2014.0,130,2015.0,555,2016.0,171,2017.0,257,2018.0,154,2019.0,198,2020.0,210,2021.0,38,2022.0,92,2023.0,109,2018.0
UR409,,13:39:33.250#,2023.0,2027.0,2007.0,2223.0,1855.0,98392,169004,2014.0,130,2015.0,555,2016.0,171,2017.0,257,2018.0,151,2019.0,198,2020.0,210,2021.0,38,2022.0,92,2023.0,109,2018.0
UR409,,13:39:34.250#,2023.0,2027.0,2007.0,2223.0,1855.0,98392,169004,2014.0,130,2015.0,555,2016.0,171,2017.0,257,2018.0,160,2019.0,198,2020.0,210,2021.0,38,2022.0,92,2023.0,109,2018.0
UR409,,13:39:34.500#,2023.0,2027.0,2007.0,2223.0,1855.0,98392,169004,2014.0,130,2015.0,555,2016.0,171,2017.0,257,2018.0,160,2019.0,202,2020.0,210,2021.0,38,2022.0,92,2023.0,109,2018.0
UR409,,13:39:35.250#,2023.0,2027.0,2007.0,2223.0,1855.0,98392,169004,2014.0,130,2015.0,555,2016.0,171,2017.0,257,2018.0,160,2019.0,204,2020.0,210,2021.0,38,2022.0,92,2023.0,109,2018.0
UR409,,13:39:36.0#,2023.0,2027.0,2007.0,2223.0,1855.0,98394,169004,2014.0,130,2015.0,555,2016.0,171,2017.0,257,2018.0,160,2019.0,202,2020.0,210,2021.0,38,2022.0,92,2023.0,109,2019.0
UR409,,13:39:36.250#,2023.0,2027.0,2007.0,2223.0,1855.0,98396,169004,2014.0,130,2015.0,555,2016.0,171,2017.0,257,2018.0,142,2019.0,200,2020.0,210,2021.0,38,2022.0,92,2023.0,109,2019.0
UR409,,13:39:37.0#,2023.0,2027.0,2007.0,2223.0,1855.0,98396,169004,2014.0,130,2015.0,555,2016.0,171,2017.0,257,2018.0,142,2019.0,200,2020.0,212,2021.0,38,2022.0,92,2023.0,109,2019.0
UR409,,13:39:37.250#,2023.0,2027.0,2007.0,2223.0,1855.0,98396,169004,2014.0,130,2015.0,555,2016.0,171,2017.0,257,2018.0,142,2019.0,200,2020.0,212,2021.0,38,2022.0,92,2023.0,109,2019.0
UR409,,13:39:38.500#,2023.0,2027.0,2007.0,2223.0,1855.0,98396,169004,2014.0,130,2015.0,555,2016.0,172,2017.0,257,2018.0,142,2019.0,200,2020.0,212,2021.0,38,2022.0,92,2023.0,109,2019.0
UR409,,13:39:39.250#,2023.0,2027.0,2007.0,2223.0,1855.0,98396,169004,2014.0,130,2015.0,555,2016.0,172,2017.0,257,2018.0,142,2019.0,201,2020.0,212,2021.0,38,2022.0,92,2023.0,109,2019.0
UR409,,13:39:39.500#,2023.0,2027.0,2007.0,2223.0,1855.0,98396,169004,2014.0,130,2015.0,555,2016.0,172,2017.0,257,2018.0,145,2019.0,201,2020.0,212,2021.0,38,2022.0,92,2023.0,109,2019.0
UR409,,13:39:40.0#,2023.0,2027.0,2007.0,2223.0,1855.0,98400,169008,2014.0,130,2015.0,555,2016.0,172,2017.0,257,2018.0,141,2019.0,201,2020.0,212,2021.0,38,2022.0,92,2023.0,109,2018.0
UR409,,13:39:42.250#,2023.0,2027.0,2007.0,2223.0,1855.0,98404,169011,2014.0,130,2015.0,555,2016.0,172,2017.0,257,2018.0,137,2019.0,201,2020.0,212,2021.0,38,2022.0,92,2023.0,109,2018.0
UR409,,13:39:46.250#,2023.0,2027.0,2007.0,2223.0,1855.0,98421,169005,2014.0,130,2015.0,555,2016.0,172,2017.0,257,2018.0,120,2019.0,201,2020.0,212,2021.0,38,2022.0,92,2023.0,109,2018.0
UR409,,13:39:46.500#,2023.0,2027.0,2007.0,2223.0,1855.0,98422,169005,2014.0,130,2015.0,555,2016.0,172,2017.0,257,2018.0,120,2019.0,200,2020.0,212,2021.0,38,2022.0,92,2023.0,109,2019.0
UR409,,13:39:47.0#,2023.0,2027.0,2007.0,2223.0,1855.0,98422,169005,2014.0,130,2015.0,553,2016.0,172,2017.0,257,2018.0,120,2019.0,200,2020.0,212,2021.0,38,2022.0,92,2023.0,109,2019.0
UR409,,13:39:47.250#,2023.0,2027.0,2007.0,2223.0,1855.0,98422,169005,2014.0,130,2015.0,553,2016.0,172,2017.0,257,2018.0,125,2019.0,200,2020.0,212,2021.0,38,2022.0,92,2023.0,109,2019.0
UR409,,13:39:47.500#,2023.0,2027.0,2007.0,2223.0,1855.0,98442,169004,2014.0,130,2015.0,553,2016.0,172,2017.0,257,2018.0,105,2019.0,200,2020.0,212,2021.0,38,2022.0,92,2023.0,109,2018.0
UR409,,13:39:48.750#,2023.0,2027.0,2007.0,2223.0,1855.0,98444,169006,2014.0,130,2015.0,553,2016.0,172,2017.0,257,2018.0,103,2019.0,198,2020.0,212,2021.0,38,2022.0,92,2023.0,109,2019.0
UR409,,13:39:49.500#,2023.0,2027.0,2007.0,2223.0,1855.0,98444,169006,2014.0,130,2015.0,551,2016.0,172,2017.0,257,2018.0,103,2019.0,198,2020.0,212,2021.0,38,2022.0,92,2023.0,109,2019.0
UR409,,13:39:50.750#,2023.0,2027.0,2007.0,2223.0,1855.0,98448,169006,2014.0,130,2015.0,551,2016.0,172,2017.0,257,2018.0,99,2019.0,198,2020.0,212,2021.0,38,2022.0,92,2023.0,109,2018.0
UR409,,13:39:51.0#,2023.0,2027.0,2007.0,2223.0,1855.0,98448,169006,2014.0,130,2015.0,551,2016.0,172,2017.0,257,2018.0,99,2019.0,198,2020.0,217,2021.0,38,2022.0,92,2023.0,109,2018.0
UR409,,13:39:51.250#,2023.0,2027.0,2007.0,2223.0,1855.0,98448,169006,2014.0,130,2015.0,551,2016.0,172,2017.0,257,2018.0,99,2019.0,199,2020.0,217,2021.0,38,2022.0,92,2023.0,109,2018.0
UR409,,13:39:52.0#,2023.0,2027.0,2007.0,2223.0,1855.0,98448,169006,2014.0,131,2015.0,549,2016.0,172,2017.0,257,2018.0,99,2019.0,199,2020.0,217,2021.0,38,2022.0,92,2023.0,109,2018.0
UR409,,13:39:52.750#,2023.0,2027.0,2007.0,2223.0,1855.0,98448,169006,2014.0,131,2015.0,549,2016.0,174,2017.0,259,2018.0,99,2019.0,199,2020.0,217,2021.0,38,2022.0,92,2023.0,109,2018.0
UR409,,13:39:54.500#,2023.0,2027.0,2007.0,2223.0,1855.0,98448,169006,2014.0,131,2015.0,547,2016.0,174,2017.0,259,2018.0,99,2019.0,199,2020.0,217,2021.0,38,2022.0,92,2023.0,109,2018.0
UR409,,13:39:55.250#,2023.0,2027.0,2007.0,2223.0,1855.0,98448,169006,2014.0,131,2015.0,547,2016.0,174,2017.0,259,2018.0,99,2019.0,199,2020.0,217,2021.0,38,2022.0,92,2023.0,109,2018.0
UR409,,13:39:56.0#,2023.0,2027.0,2007.0,2223.0,1855.0,98448,169006,2014.0,131,2015.0,547,2016.0,174,2017.0,259,2018.0,99,2019.0,197,2020.0,217,2021.0,38,2022.0,92,2023.0,109,2018.0
UR409,,13:39:57.0#,2023.0,2027.0,2007.0,2223.0,1855.0,98478,169006,2014.0,131,2015.0,546,2016.0,174,2017.0,259,2018.0,99,2019.0,167,2020.0,217,2021.0,38,2022.0,92,2023.0,109,2019.0
UR409,,13:39:57.250#,2023.0,2027.0,2007.0,2223.0,1855.0,98478,169006,2014.0,131,2015.0,546,2016.0,174,2017.0,259,2018.0,119,2019.0,167,2020.0,217,2021.0,38,2022.0,92,2023.0,109,2019.0
UR409,,13:39:59.500#,2023.0,2027.0,2007.0,2223.0,1855.0,98478,169006,2014.0,131,2015.0,546,2016.0,174,2017.0,259,2018.0,119,2019.0,166,2020.0,217,2021.0,38,2022.0,92,2023.0,109,2019.0
UR409,,13:39:59.750#,2023.0,2027.0,2007.0,2223.0,1855.0,98478,169006,2014.0,131,2015.0,546,2016.0,173,2017.0,259,2018.0,119,2019.0,166,2020.0,217,2021.0,38,2022.0,92,2023.0,109,2019.0
UR409,,13:40:01.500#,2023.0,2027.0,2007.0,2223.0,1855.0,98494,169006,2014.0,131,2015.0,546,2016.0,173,2017.0,259,2018.0,119,2019.0,150,2020.0,217,2021.0,38,2022.0,92,2023.0,109,2019.0
UR409,,13:40:01.750#,2023.0,2027.0,2007.0,2223.0,1855.0,98495,169006,2014.0,131,2015.0,546,2016.0,173,2017.0,259,2018.0,114,2019.0,148,2020.0,217,2021.0,38,2022.0,92,2023.0,109,2019.0
UR409,,13:40:02.0#,2023.0,2027.0,2007.0,2223.0,1855.0,98495,169006,2014.0,131,2015.0,546,2016.0,173,2017.0,259,2018.0,114,2019.0,157,2020.0,217,2021.0,38,2022.0,92,2023.0,109,2019.0
UR409,,13:40:02.250#,2023.0,2027.0,2007.0,2223.0,1855.0,98496,169007,2014.0,131,2015.0,546,2016.0,173,2017.0,259,2018.0,114,2019.0,155,2020.0,217,2021.0,38,2022.0,92,2023.0,109,2019.0
UR409,,13:40:02.500#,2023.0,2027.0,2007.0,2223.0,1855.0,98496,169007,2014.0,131,2015.0,546,2016.0,173,2017.0,259,2018.0,114,2019.0,157,2020.0,217,2021.0,38,2022.0,92,2023.0,109,2019.0
UR409,,13:40:03.500#,2023.0,2027.0,2007.0,2223.0,1855.0,98496,169007,2014.0,131,2015.0,546,2016.0,173,2017.0,259,2018.0,114,2019.0,157,2020.0,217,2021.0,38,2022.0,92,2023.0,109,2019.0
UR409,,13:40:04.250#,2023.0,2027.0,2007.0,2223.0,1855.0,98496,169007,2014.0,131,2015.0,546,2016.0,173,2017.0,259,2018.0,126,2019.0,157,2020.0,217,2021.0,38,2022.0,92,2023.0,109,2019.0
UR409,,13:40:05.500#,2023.0,2027.0,2007.0,2223.0,1855.0,98496,169007,2014.0,131,2015.0,546,2016.0,173,2017.0,259,2018.0,129,2019.0,157,2020.0,217,2021.0,38,2022.0,92,2023.0,109,2019.0
UR409,,13:40:06.250#,2023.0,2027.0,2007.0,2223.0,1855.0,98496,169007,2014.0,131,2015.0,546,2016.0,173,2017.0,259,2018.0,120,2019.0,157,2020.0,217,2021.0,38,2022.0,92,2023.0,109,2019.0
UR409,,13:40:06.500#,2023.0,2027.0,2007.0,2223.0,1855.0,98496,169007,2014.0,131,2015.0,546,2016.0,173,2017.0,259,2018.0,120,2019.0,159,2020.0,217,2021.0,38,2022.0,92,2023.0,109,2019.0
UR409,,13:40:06.750#,2023.0,2027.0,2007.0,2223.0,1855.0,98496,169007,2014.0,131,2015.0,546,2016.0,173,2017.0,259,2018.0,120,2019.0,159,2020.0,217,2021.0,38,2022.0,92,2023.0,109,2019.0
UR409,,13:40:09.250#,2023.0,2027.0,2007.0,2223.0,1855.0,98496,169007,2014.0,131,2015.0,546,2016.0,173,2017.0,259,2018.0,120,2019.0,159,2020.0,218,2021.0,38,2022.0,92,2023.0,109,2019.0
UR409,,13:40:09.750#,2023.0,2027.0,2007.0,2223.0,1855.0,98496,169007,2014.0,131,2015.0,546,2016.0,173,2017.0,259,2018.0,119,2019.0,159,2020.0,218,2021.0,38,2022.0,92,2023.0,109,2019.0
UR409,,13:40:10.0#,2023.0,2027.0,2007.0,2223.0,1855.0,98499,169008,2014.0,131,2015.0,546,2016.0,173,2017.0,259,2018.0,117,2019.0,158,2020.0,218,2021.0,38,2022.0,92,2023.0,109,2018.0
UR409,,13:40:10.500#,2023.0,2027.0,2007.0,2223.0,1855.0,98499,169008,2014.0,131,2015.0,546,2016.0,173,2017.0,259,2018.0,118,2019.0,158,2020.0,218,2021.0,38,2022.0,92,2023.0,109,2018.0
UR409,,13:40:11.0#,2023.0,2027.0,2007.0,2223.0,1855.0,98501,169010,2014.0,131,2015.0,546,2016.0,173,2017.0,259,2018.0,116,2019.0,156,2020.0,218,2021.0,38,2022.0,92,2023.0,109,2019.0
UR409,,13:40:11.250#,2023.0,2027.0,2007.0,2223.0,1855.0,98501,169010,2014.0,131,2015.0,546,2016.0,173,2017.0,259,2018.0,116,2019.0,157,2020.0,218,2021.0,38,2022.0,92,2023.0,109,2019.0
UR409,,13:40:11.750#,2023.0,2027.0,2007.0,2223.0,1855.0,98501,169010,2014.0,131,2015.0,546,2016.0,173,2017.0,259,2018.0,116,2019.0,157,2020.0,218,2021.0,38,2022.0,92,2023.0,109,2019.0
UR409,,13:40:12.750#,2023.0,2027.0,2007.0,2223.0,1855.0,98501,169010,2014.0,131,2015.0,546,2016.0,173,2017.0,259,2018.0,116,2019.0,158,2020.0,218,2021.0,38,2022.0,92,2023.0,109,2019.0
UR409,,13:40:13.250#,2023.0,2027.0,2007.0,2223.0,1855.0,98502,169010,2014.0,131,2015.0,546,2016.0,173,2017.0,259,2018.0,116,2019.0,157,2020.0,218,2021.0,38,2022.0,92,2023.0,109,2019.0
UR409,,13:40:14.0#,2023.0,2027.0,2007.0,2223.0,1855.0,98502,169010,2014.0,131,2015.0,546,2016.0,173,2017.0,259,2018.0,117,2019.0,157,2020.0,218,2021.0,38,2022.0,92,2023.0,109,2019.0
UR409,,13:40:14.500#,2023.0,2027.0,2007.0,2223.0,1855.0,98503,169010,2014.0,131,2015.0,546,2016.0,173,2017.0,259,2018.0,116,2019.0,157,2020.0,218,2021.0,38,2022.0,92,2023.0,109,2018.0
UR409,,13:40:15.500#,2023.0,2027.0,2007.0,2223.0,1855.0,98503,169010,2014.0,131,2015.0,546,2016.0,173,2017.0,259,2018.0,117,2019.0,157,2020.0,218,2021.0,38,2022.0,92,2023.0,109,2018.0
UR409,,13:40:16.0#,2023.0,2027.0,2007.0,2223.0,1855.0,98504,169011,2014.0,131,2015.0,546,2016.0,173,2017.0,259,2018.0,117,2019.0,156,2020.0,218,2021.0,38,2022.0,92,2023.0,109,2019.0
UR409,,13:40:16.250#,2023.0,2027.0,2007.0,2223.0,1855.0,98504,169011,2014.0,131,2015.0,546,2016.0,175,2017.0,259,2018.0,117,2019.0,156,2020.0,218,2021.0,38,2022.0,92,2023.0,109,2019.0
UR409,,13:40:16.500#,2023.0,2027.0,2007.0,2223.0,1855.0,98504,169011,2014.0,131,2015.0,546,2016.0,175,2017.0,259,2018.0,117,2019.0,154,2020.0,218,2021.0,38,2022.0,92,2023.0,109,2019.0
UR409,,13:40:17.250#,2023.0,2027.0,2007.0,2223.0,1855.0,98505,169010,2014.0,131,2015.0,546,2016.0,175,2017.0,259,2018.0,115,2019.0,154,2020.0,218,2021.0,38,2022.0,92,2023.0,109,2018.0
UR409,,13:40:17.500#,2023.0,2027.0,2007.0,2223.0,1855.0,98505,169010,2014.0,131,2015.0,546,2016.0,175,2017.0,259,2018.0,116,2019.0,154,2020.0,218,2021.0,38,2022.0,92,2023.0,109,2018.0
UR409,,13:40:18.0#,2023.0,2027.0,2007.0,2223.0,1855.0,98506,169011,2014.0,131,2015.0,546,2016.0,175,2017.0,259,2018.0,116,2019.0,153,2020.0,218,2021.0,38,2022.0,92,2023.0,109,2019.0
UR409,,13:40:19.250#,2023.0,2027.0,2007.0,2223.0,1855.0,98506,169011,2014.0,131,2015.0,546,2016.0,175,2017.0,259,2018.0,117,2019.0,153,2020.0,218,2021.0,38,2022.0,92,2023.0,109,2019.0
UR409,,13:40:19.500#,2023.0,2027.0,2007.0,2223.0,1855.0,98506,169011,2014.0,131,2015.0,546,2016.0,175,2017.0,259,2018.0,126,2019.0,153,2020.0,218,2021.0,38,2022.0,92,2023.0,109,2019.0
UR409,,13:40:21.250#,2023.0,2027.0,2007.0,2223.0,1855.0,98506,169011,2014.0,131,2015.0,545,2016.0,175,2017.0,259,2018.0,127,2019.0,153,2020.0,218,2021.0,38,2022.0,92,2023.0,109,2019.0
UR409,,13:40:21.500#,2023.0,2027.0,2007.0,2223.0,1855.0,98507,169011,2014.0,131,2015.0,545,2016.0,175,2017.0,259,2018.0,126,2019.0,152,2020.0,218,2021.0,38,2022.0,92,2023.0,109,2018.0
UR409,,13:40:22.250#,2023.0,2027.0,2007.0,2223.0,1855.0,98507,169011,2014.0,131,2015.0,545,2016.0,175,2017.0,259,2018.0,128,2019.0,152,2020.0,218,2021.0,38,2022.0,92,2023.0,109,2018.0
UR409,,13:40:23.0#,2023.0,2027.0,2007.0,2223.0,1855.0,98507,169011,2014.0,131,2015.0,546,2016.0,175,2017.0,259,2018.0,128,2019.0,152,2020.0,218,2021.0,38,2022.0,92,2023.0,109,2018.0
UR409,,13:40:23.500#,2023.0,2027.0,2007.0,2223.0,1855.0,98507,169011,2014.0,131,2015.0,546,2016.0,175,2017.0,259,2018.0,128,2019.0,152,2020.0,218,2021.0,38,2022.0,92,2023.0,109,2018.0
UR409,,13:40:24.250#,2023.0,2027.0,2007.0,2223.0,1855.0,98509,169011,2014.0,131,2015.0,546,2016.0,175,2017.0,259,2018.0,126,2019.0,152,2020.0,218,2021.0,38,2022.0,92,2023.0,109,2018.0
UR409,,13:40:25.0#,2023.0,2027.0,2007.0,2223.0,1855.0,98510,169012,2014.0,131,2015.0,546,2016.0,175,2017.0,259,2018.0,128,2019.0,151,2020.0,218,2021.0,38,2022.0,92,2023.0,109,2019.0
UR409,,13:40:25.250#,2023.0,2027.0,2007.0,2223.0,1855.0,98510,169012,2014.0,131,2015.0,546,2016.0,175,2017.0,259,2018.0,128,2019.0,161,2020.0,218,2021.0,38,2022.0,92,2023.0,109,2019.0
UR409,,13:40:25.750#,2023.0,2027.0,2007.0,2223.0,1855.0,98510,169012,2014.0,131,2015.0,546,2016.0,175,2017.0,259,2018.0,127,2019.0,161,2020.0,218,2021.0,38,2022.0,92,2023.0,109,2019.0
UR409,,13:40:26.0#,2023.0,2027.0,2007.0,2223.0,1855.0,98510,169012,2014.0,131,2015.0,546,2016.0,175,2017.0,260,2018.0,127,2019.0,161,2020.0,218,2021.0,38,2022.0,92,2023.0,109,2019.0
UR409,,13:40:28.500#,2023.0,2027.0,2007.0,2223.0,1855.0,98510,169012,2014.0,131,2015.0,546,2016.0,175,2017.0,260,2018.0,127,2019.0,161,2020.0,218,2021.0,38,2022.0,92,2023.0,110,2019.0
UR409,,13:40:29.250#,2023.0,2027.0,2007.0,2223.0,1855.0,98511,169012,2014.0,131,2015.0,546,2016.0,175,2017.0,260,2018.0,126,2019.0,161,2020.0,218,2021.0,38,2022.0,92,2023.0,110,2018.0
UR409,,13:40:29.750#,2023.0,2027.0,2007.0,2223.0,1855.0,98511,169012,2014.0,131,2015.0,546,2016.0,175,2017.0,260,2018.0,126,2019.0,161,2020.0,217,2021.0,38,2022.0,92,2023.0,110,2018.0
UR409,,13:40:30.0#,2023.0,2027.0,2007.0,2223.0,1855.0,98511,169012,2014.0,131,2015.0,546,2016.0,175,2017.0,260,2018.0,127,2019.0,162,2020.0,217,2021.0,38,2022.0,92,2023.0,110,2018.0
UR409,,13:40:30.250#,2023.0,2027.0,2007.0,2223.0,1855.0,98511,169012,2014.0,131,2015.0,546,2016.0,175,2017.0,260,2018.0,128,2019.0,162,2020.0,217,2021.0,38,2022.0,92,2023.0,110,2018.0
UR409,,13:40:31.750#,2023.0,2027.0,2007.0,2223.0,1855.0,98513,169014,2014.0,131,2015.0,546,2016.0,175,2017.0,260,2018.0,126,2019.0,160,2020.0,217,2021.0,38,2022.0,92,2023.0,110,2019.0
UR409,,13:40:32.0#,2023.0,2027.0,2007.0,2223.0,1855.0,98514,169015,2014.0,131,2015.0,546,2016.0,175,2017.0,260,2018.0,125,2019.0,159,2020.0,218,2021.0,38,2022.0,92,2023.0,110,2019.0
UR409,,13:40:34.250#,2023.0,2027.0,2007.0,2223.0,1855.0,98514,169015,2014.0,131,2015.0,546,2016.0,175,2017.0,260,2018.0,139,2019.0,159,2020.0,218,2021.0,38,2022.0,92,2023.0,110,2019.0
UR409,,13:40:35.0#,2023.0,2027.0,2007.0,2223.0,1855.0,98514,169015,2014.0,131,2015.0,546,2016.0,175,2017.0,260,2018.0,143,2019.0,159,2020.0,218,2021.0,38,2022.0,92,2023.0,110,2019.0
UR409,,13:40:35.250#,2023.0,2027.0,2007.0,2223.0,1855.0,98514,169015,2014.0,131,2015.0,546,2016.0,175,2017.0,260,2018.0,143,2019.0,156,2020.0,218,2021.0,38,2022.0,92,2023.0,110,2019.0
UR409,,13:40:35.500#,2023.0,2027.0,2007.0,2223.0,1855.0,98514,169015,2014.0,131,2015.0,546,2016.0,175,2017.0,260,2018.0,143,2019.0,157,2020.0,218,2021.0,38,2022.0,92,2023.0,110,2019.0
UR409,,13:40:35.750#,2023.0,2027.0,2007.0,2223.0,1855.0,98514,169015,2014.0,131,2015.0,546,2016.0,175,2017.0,258,2018.0,143,2019.0,157,2020.0,218,2021.0,38,2022.0,92,2023.0,110,2019.0
UR409,,13:40:36.0#,2023.0,2027.0,2007.0,2223.0,1855.0,98514,169015,2014.0,131,2015.0,546,2016.0,175,2017.0,258,2018.0,145,2019.0,157,2020.0,218,2021.0,38,2022.0,92,2023.0,110,2019.0
UR409,,13:40:36.250#,2023.0,2027.0,2007.0,2223.0,1855.0,98514,169015,2014.0,131,2015.0,546,2016.0,173,2017.0,258,2018.0,124,2019.0,157,2020.0,218,2021.0,38,2022.0,92,2023.0,110,2019.0
UR409,,13:40:36.500#,2023.0,2027.0,2007.0,2223.0,1855.0,98514,169015,2014.0,131,2015.0,546,2016.0,173,2017.0,258,2018.0,124,2019.0,157,2020.0,219,2021.0,38,2022.0,92,2023.0,110,2019.0
UR409,,13:40:37.500#,2023.0,2027.0,2007.0,2223.0,1855.0,98514,169015,2014.0,131,2015.0,546,2016.0,173,2017.0,258,2018.0,124,2019.0,158,2020.0,219,2021.0,38,2022.0,92,2023.0,110,2019.0
UR409,,13:40:38.0#,2023.0,2027.0,2007.0,2223.0,1855.0,98514,169015,2014.0,131,2015.0,546,2016.0,173,2017.0,258,2018.0,224,2019.0,158,2020.0,219,2021.0,38,2022.0,92,2023.0,110,2019.0
UR409,,13:40:39.250#,2023.0,2027.0,2007.0,2223.0,1855.0,98524,169015,2014.0,131,2015.0,546,2016.0,173,2017.0,258,2018.0,214,2019.0,158,2020.0,219,2021.0,38,2022.0,92,2023.0,110,2018.0
UR409,,13:40:41.250#,2023.0,2027.0,2007.0,2223.0,1855.0,98524,169015,2014.0,131,2015.0,546,2016.0,173,2017.0,258,2018.0,214,2019.0,158,2020.0,220,2021.0,38,2022.0,92,2023.0,110,2018.0
UR409,,13:40:42.0#,2023.0,2027.0,2007.0,2223.0,1855.0,98524,169015,2014.0,131,2015.0,546,2016.0,173,2017.0,258,2018.0,215,2019.0,158,2020.0,220,2021.0,38,2022.0,92,2023.0,110,2018.0
UR409,,13:40:42.500#,2023.0,2027.0,2007.0,2223.0,1855.0,98525,169015,2014.0,131,2015.0,546,2016.0,173,2017.0,258,2018.0,215,2019.0,158,2020.0,220,2021.0,38,2022.0,92,2023.0,110,2018.0
UR409,,13:40:43.0#,2023.0,2027.0,2007.0,2223.0,1855.0,98525,169015,2014.0,131,2015.0,547,2016.0,173,2017.0,256,2018.0,215,2019.0,158,2020.0,220,2021.0,38,2022.0,92,2023.0,110,2018.0
UR409,,13:40:43.250#,2023.0,2027.0,2007.0,2223.0,1855.0,98525,169015,2014.0,131,2015.0,549,2016.0,173,2017.0,256,2018.0,215,2019.0,158,2020.0,220,2021.0,38,2022.0,92,2023.0,110,2018.0
UR409,,13:40:43.500#,2023.0,2027.0,2007.0,2223.0,1855.0,98525,169015,2014.0,131,2015.0,549,2016.0,173,2017.0,256,2018.0,216,2019.0,160,2020.0,220,2021.0,38,2022.0,92,2023.0,110,2018.0
UR409,,13:40:43.750#,2023.0,2027.0,2007.0,2223.0,1855.0,98525,169015,2014.0,131,2015.0,549,2016.0,172,2017.0,256,2018.0,216,2019.0,160,2020.0,220,2021.0,38,2022.0,92,2023.0,110,2018.0
UR409,,13:40:44.0#,2023.0,2027.0,2007.0,2223.0,1855.0,98525,169015,2014.0,131,2015.0,549,2016.0,172,2017.0,256,2018.0,217,2019.0,160,2020.0,219,2021.0,38,2022.0,92,2023.0,110,2018.0
UR409,,13:40:44.500#,2023.0,2027.0,2007.0,2223.0,1855.0,98525,169015,2014.0,131,2015.0,549,2016.0,172,2017.0,256,2018.0,220,2019.0,160,2020.0,219,2021.0,38,2022.0,92,2023.0,110,2018.0
UR409,,13:40:44.750#,2023.0,2027.0,2007.0,2223.0,1855.0,98526,169015,2014.0,131,2015.0,549,2016.0,172,2017.0,256,2018.0,220,2019.0,159,2020.0,219,2021.0,38,2022.0,92,2023.0,110,2019.0
UR409,,13:40:45.0#,2023.0,2027.0,2007.0,2223.0,1855.0,98526,169015,2014.0,131,2015.0,549,2016.0,172,2017.0,256,2018.0,220,2019.0,160,2020.0,219,2021.0,38,2022.0,92,2023.0,110,2019.0
UR409,,13:40:46.0#,2023.0,2027.0,2007.0,2223.0,1855.0,98526,169015,2014.0,131,2015.0,549,2016.0,172,2017.0,256,2018.0,220,2019.0,159,2020.0,219,2021.0,38,2022.0,92,2023.0,110,2019.0
UR409,,13:40:46.500#,2023.0,2027.0,2007.0,2223.0,1855.0,98526,169015,2014.0,131,2015.0,549,2016.0,172,2017.0,256,2018.0,217,2019.0,159,2020.0,219,2021.0,38,2022.0,92,2023.0,110,2019.0
UR409,,13:40:47.250#,2023.0,2027.0,2007.0,2223.0,1855.0,98529,169018,2014.0,131,2015.0,549,2016.0,172,2017.0,256,2018.0,218,2019.0,156,2020.0,219,2021.0,38,2022.0,92,2023.0,110,2019.0
UR409,,13:40:47.750#,2023.0,2027.0,2007.0,2223.0,1855.0,98530,169018,2014.0,131,2015.0,549,2016.0,172,2017.0,256,2018.0,217,2019.0,156,2020.0,219,2021.0,38,2022.0,92,2023.0,110,2018.0
UR409,,13:40:48.0#,2023.0,2027.0,2007.0,2223.0,1855.0,98530,169018,2014.0,131,2015.0,549,2016.0,172,2017.0,256,2018.0,217,2019.0,156,2020.0,220,2021.0,38,2022.0,92,2023.0,110,2018.0
UR409,,13:40:48.250#,2023.0,2027.0,2007.0,2223.0,1855.0,98531,169018,2014.0,131,2015.0,549,2016.0,172,2017.0,256,2018.0,217,2019.0,156,2020.0,220,2021.0,38,2022.0,92,2023.0,110,2018.0
UR409,,13:40:48.500#,2023.0,2027.0,2007.0,2223.0,1855.0,98536,169013,2014.0,131,2015.0,549,2016.0,172,2017.0,256,2018.0,212,2019.0,156,2020.0,220,2021.0,38,2022.0,92,2023.0,110,2018.0
UR409,,13:40:49.750#,2023.0,2027.0,2007.0,2223.0,1855.0,98536,169013,2014.0,131,2015.0,549,2016.0,172,2017.0,256,2018.0,212,2019.0,158,2020.0,220,2021.0,38,2022.0,92,2023.0,110,2018.0
UR409,,13:40:50.0#,2023.0,2027.0,2007.0,2223.0,1855.0,98537,169013,2014.0,131,2015.0,549,2016.0,172,2017.0,256,2018.0,211,2019.0,158,2020.0,220,2021.0,38,2022.0,92,2023.0,110,2018.0
UR409,,13:40:50.250#,2023.0,2027.0,2007.0,2223.0,1855.0,98537,169013,2014.0,131,2015.0,549,2016.0,172,2017.0,256,2018.0,211,2019.0,158,2020.0,220,2021.0,38,2022.0,92,2023.0,110,2018.0
UR409,,13:40:51.500#,2023.0,2027.0,2007.0,2223.0,1855.0,98537,169013,2014.0,131,2015.0,549,2016.0,172,2017.0,256,2018.0,213,2019.0,158,2020.0,220,2021.0,38,2022.0,92,2023.0,110,2018.0
UR409,,13:40:52.250#,2023.0,2027.0,2007.0,2223.0,1855.0,98537,169013,2014.0,131,2015.0,549,2016.0,172,2017.0,256,2018.0,213,2019.0,161,2020.0,220,2021.0,38,2022.0,92,2023.0,110,2018.0
UR409,,13:40:52.750#,2023.0,2027.0,2007.0,2223.0,1855.0,98537,169013,2014.0,131,2015.0,549,2016.0,172,2017.0,256,2018.0,213,2019.0,162,2020.0,220,2021.0,38,2022.0,92,2023.0,110,2018.0
UR409,,13:40:53.0#,2023.0,2027.0,2007.0,2223.0,1855.0,98538,169013,2014.0,131,2015.0,549,2016.0,172,2017.0,256,2018.0,213,2019.0,161,2020.0,220,2021.0,38,2022.0,92,2023.0,110,2019.0
UR409,,13:40:54.250#,2023.0,2027.0,2007.0,2223.0,1855.0,98538,169013,2014.0,131,2015.0,549,2016.0,172,2017.0,256,2018.0,213,2019.0,161,2020.0,219,2021.0,38,2022.0,92,2023.0,110,2019.0
UR409,,13:40:55.0#,2023.0,2027.0,2007.0,2223.0,1855.0,98538,169013,2014.0,131,2015.0,549,2016.0,172,2017.0,256,2018.0,213,2019.0,161,2020.0,209,2021.0,38,2022.0,92,2023.0,110,2019.0
UR409,,13:40:55.750#,2023.0,2027.0,2007.0,2223.0,1855.0,98538,169013,2014.0,131,2015.0,549,2016.0,172,2017.0,256,2018.0,214,2019.0,161,2020.0,209,2021.0,38,2022.0,92,2023.0,110,2019.0
UR409,,13:40:57.750#,2023.0,2027.0,2007.0,2223.0,1855.0,98538,169013,2014.0,131,2015.0,549,2016.0,173,2017.0,256,2018.0,214,2019.0,161,2020.0,209,2021.0,38,2022.0,92,2023.0,110,2019.0
UR409,,13:40:58.250#,2023.0,2027.0,2007.0,2223.0,1855.0,98538,169013,2014.0,131,2015.0,549,2016.0,173,2017.0,256,2018.0,194,2019.0,161,2020.0,209,2021.0,38,2022.0,92,2023.0,110,2019.0
UR409,,13:40:59.250#,2023.0,2027.0,2007.0,2223.0,1855.0,98538,169013,2014.0,131,2015.0,549,2016.0,173,2017.0,256,2018.0,194,2019.0,161,2020.0,209,2021.0,38,2022.0,92,2023.0,110,2019.0
UR409,,13:40:59.500#,2023.0,2027.0,2007.0,2223.0,1855.0,98538,169013,2014.0,131,2015.0,549,2016.0,173,2017.0,256,2018.0,194,2019.0,161,2020.0,209,2021.0,38,2022.0,92,2023.0,110,2019.0
UR409,,13:41:00.250#,2023.0,2027.0,2007.0,2223.0,1855.0,98538,169013,2014.0,131,2015.0,549,2016.0,173,2017.0,256,2018.0,194,2019.0,161,2020.0,209,2021.0,38,2022.0,92,2023.0,110,2019.0
UR409,,13:41:01.500#,2023.0,2027.0,2007.0,2223.0,1855.0,98561,169013,2014.0,131,2015.0,549,2016.0,173,2017.0,256,2018.0,194,2019.0,138,2020.0,209,2021.0,38,2022.0,92,2023.0,110,2019.0
UR409,,13:41:02.0#,2023.0,2027.0,2007.0,2223.0,1855.0,98561,169013,2014.0,131,2015.0,550,2016.0,173,2017.0,256,2018.0,194,2019.0,137,2020.0,209,2021.0,38,2022.0,92,2023.0,110,2019.0
UR409,,13:41:02.250#,2023.0,2027.0,2007.0,2223.0,1855.0,98561,169013,2014.0,131,2015.0,550,2016.0,173,2017.0,256,2018.0,204,2019.0,136,2020.0,209,2021.0,38,2022.0,92,2023.0,110,2019.0
UR409,,13:41:02.500#,2023.0,2027.0,2007.0,2223.0,1855.0,98561,169013,2014.0,131,2015.0,550,2016.0,173,2017.0,256,2018.0,204,2019.0,138,2020.0,209,2021.0,38,2022.0,92,2023.0,110,2019.0
UR409,,13:41:02.750#,2023.0,2027.0,2007.0,2223.0,1855.0,98561,169013,2014.0,131,2015.0,551,2016.0,173,2017.0,256,2018.0,204,2019.0,138,2020.0,209,2021.0,38,2022.0,92,2023.0,110,2019.0
UR409,,13:41:03.250#,2023.0,2027.0,2007.0,2223.0,1855.0,98561,169013,2014.0,131,2015.0,551,2016.0,173,2017.0,256,2018.0,203,2019.0,139,2020.0,209,2021.0,38,2022.0,92,2023.0,110,2019.0
UR409,,13:41:03.750#,2023.0,2027.0,2007.0,2223.0,1855.0,98561,169013,2014.0,131,2015.0,551,2016.0,173,2017.0,256,2018.0,203,2019.0,138,2020.0,209,2021.0,38,2022.0,92,2023.0,110,2019.0
UR409,,13:41:04.500#,2023.0,2027.0,2007.0,2223.0,1855.0,98561,169013,2014.0,131,2015.0,551,2016.0,173,2017.0,256,2018.0,227,2019.0,138,2020.0,209,2021.0,38,2022.0,92,2023.0,110,2019.0
UR409,,13:41:04.750#,2023.0,2027.0,2007.0,2223.0,1855.0,98561,169013,2014.0,131,2015.0,551,2016.0,173,2017.0,256,2018.0,228,2019.0,138,2020.0,209,2021.0,38,2022.0,92,2023.0,110,2019.0
UR409,,13:41:05.250#,2023.0,2027.0,2007.0,2223.0,1855.0,98561,169013,2014.0,131,2015.0,551,2016.0,173,2017.0,256,2018.0,229,2019.0,138,2020.0,209,2021.0,38,2022.0,92,2023.0,110,2019.0
UR409,,13:41:05.500#,2023.0,2027.0,2007.0,2223.0,1855.0,98561,169013,2014.0,131,2015.0,551,2016.0,173,2017.0,256,2018.0,230,2019.0,138,2020.0,209,2021.0,38,2022.0,92,2023.0,110,2019.0
UR409,,13:41:05.750#,2023.0,2027.0,2007.0,2223.0,1855.0,98561,169013,2014.0,131,2015.0,551,2016.0,173,2017.0,256,2018.0,232,2019.0,138,2020.0,209,2021.0,38,2022.0,92,2023.0,110,2019.0
UR409,,13:41:06.250#,2023.0,2027.0,2007.0,2223.0,1855.0,98561,169013,2014.0,131,2015.0,551,2016.0,168,2017.0,256,2018.0,232,2019.0,138,2020.0,209,2021.0,38,2022.0,92,2023.0,110,2019.0
UR409,,13:41:11.0#,2023.0,2027.0,2007.0,2223.0,1855.0,98576,169015,2014.0,131,2015.0,551,2016.0,168,2017.0,241,2018.0,234,2019.0,123,2020.0,209,2021.0,39,2022.0,92,2023.0,113,2019.0
UR409,,13:41:11.500#,2023.0,2027.0,2007.0,2223.0,1855.0,98577,169015,2014.0,131,2015.0,551,2016.0,168,2017.0,241,2018.0,234,2019.0,122,2020.0,209,2021.0,39,2022.0,92,2023.0,113,2019.0
UR409,,13:41:11.750#,2023.0,2027.0,2007.0,2223.0,1855.0,98585,169018,2014.0,131,2015.0,551,2016.0,168,2017.0,241,2018.0,234,2019.0,114,2020.0,209,2021.0,39,2022.0,92,2023.0,113,2019.0
UR409,,13:41:12.0#,2023.0,2027.0,2007.0,2223.0,1855.0,98592,169017,2014.0,131,2015.0,551,2016.0,168,2017.0,241,2018.0,231,2019.0,110,2020.0,209,2021.0,39,2022.0,92,2023.0,113,2018.0
UR409,,13:41:12.500#,2023.0,2027.0,2007.0,2223.0,1855.0,98592,169017,2014.0,131,2015.0,581,2016.0,168,2017.0,239,2018.0,231,2019.0,110,2020.0,209,2021.0,39,2022.0,92,2023.0,113,2018.0
UR409,,13:41:13.0#,2023.0,2027.0,2007.0,2223.0,1855.0,98592,169017,2014.0,131,2015.0,581,2016.0,168,2017.0,239,2018.0,235,2019.0,110,2020.0,209,2021.0,39,2022.0,92,2023.0,113,2018.0
UR409,,13:41:15.0#,2023.0,2027.0,2007.0,2223.0,1855.0,98592,169017,2014.0,131,2015.0,585,2016.0,167,2017.0,239,2018.0,236,2019.0,110,2020.0,209,2021.0,39,2022.0,92,2023.0,113,2018.0
UR409,,13:41:15.250#,2023.0,2027.0,2007.0,2223.0,1855.0,98599,169019,2014.0,131,2015.0,585,2016.0,167,2017.0,239,2018.0,231,2019.0,108,2020.0,209,2021.0,39,2022.0,92,2023.0,113,2018.0
UR409,,13:41:15.500#,2023.0,2027.0,2007.0,2223.0,1855.0,98599,169019,2014.0,131,2015.0,585,2016.0,167,2017.0,239,2018.0,231,2019.0,109,2020.0,209,2021.0,39,2022.0,92,2023.0,113,2018.0
UR409,,13:41:16.0#,2023.0,2027.0,2007.0,2223.0,1855.0,98599,169019,2014.0,131,2015.0,585,2016.0,167,2017.0,239,2018.0,228,2019.0,109,2020.0,209,2021.0,39,2022.0,92,2023.0,113,2018.0
UR409,,13:41:17.500#,2023.0,2027.0,2007.0,2223.0,1855.0,98599,169019,2014.0,131,2015.0,585,2016.0,167,2017.0,239,2018.0,228,2019.0,109,2020.0,209,2021.0,40,2022.0,92,2023.0,113,2018.0
UR409,,13:41:18.0#,2023.0,2027.0,2007.0,2223.0,1855.0,98611,169028,2014.0,131,2015.0,585,2016.0,165,2017.0,239,2018.0,230,2019.0,97,2020.0,209,2021.0,40,2022.0,92,2023.0,113,2019.0
UR409,,13:41:21.0#,2023.0,2027.0,2007.0,2223.0,1855.0,98613,169028,2014.0,131,2015.0,585,2016.0,165,2017.0,238,2018.0,231,2019.0,95,2020.0,209,2021.0,40,2022.0,92,2023.0,113,2019.0
UR409,,13:41:21.500#,2023.0,2027.0,2007.0,2223.0,1855.0,98617,169030,2014.0,131,2015.0,585,2016.0,165,2017.0,238,2018.0,231,2019.0,91,2020.0,209,2021.0,40,2022.0,92,2023.0,113,2019.0
UR409,,13:41:21.750#,2023.0,2027.0,2007.0,2223.0,1855.0,98622,169030,2014.0,131,2015.0,585,2016.0,165,2017.0,238,2018.0,232,2019.0,91,2020.0,209,2021.0,40,2022.0,92,2023.0,113,2018.0
UR409,,13:41:22.0#,2023.0,2027.0,2007.0,2223.0,1855.0,98622,169030,2014.0,131,2015.0,585,2016.0,165,2017.0,238,2018.0,235,2019.0,91,2020.0,209,2021.0,40,2022.0,92,2023.0,113,2018.0
UR409,,13:41:22.250#,2023.0,2027.0,2007.0,2223.0,1855.0,98622,169030,2014.0,131,2015.0,585,2016.0,165,2017.0,238,2018.0,236,2019.0,91,2020.0,209,2021.0,40,2022.0,92,2023.0,113,2018.0
UR409,,13:41:22.500#,2023.0,2027.0,2007.0,2223.0,1855.0,98623,169029,2014.0,131,2015.0,585,2016.0,165,2017.0,238,2018.0,242,2019.0,90,2020.0,209,2021.0,40,2022.0,92,2023.0,113,2019.0
UR409,,13:41:22.750#,2023.0,2027.0,2007.0,2223.0,1855.0,98623,169029,2014.0,131,2015.0,585,2016.0,165,2017.0,238,2018.0,242,2019.0,88,2020.0,209,2021.0,40,2022.0,92,2023.0,113,2019.0
UR409,,13:41:23.500#,2023.0,2027.0,2007.0,2223.0,1855.0,98627,169033,2014.0,131,2015.0,585,2016.0,165,2017.0,238,2018.0,237,2019.0,88,2020.0,209,2021.0,40,2022.0,92,2023.0,113,2018.0
UR409,,13:41:23.750#,2023.0,2027.0,2007.0,2223.0,1855.0,98632,169028,2014.0,131,2015.0,585,2016.0,165,2017.0,238,2018.0,237,2019.0,83,2020.0,209,2021.0,40,2022.0,92,2023.0,113,2019.0
UR409,,13:41:24.750#,2023.0,2027.0,2007.0,2223.0,1855.0,98633,169028,2014.0,131,2015.0,585,2016.0,165,2017.0,238,2018.0,237,2019.0,83,2020.0,209,2021.0,40,2022.0,92,2023.0,113,2019.0
UR409,,13:41:29.0#,2023.0,2027.0,2007.0,2223.0,1855.0,98641,169023,2014.0,131,2015.0,585,2016.0,164,2017.0,238,2018.0,235,2019.0,75,2020.0,210,2021.0,40,2022.0,92,2023.0,113,2019.0
UR409,,13:41:29.250#,2023.0,2027.0,2007.0,2223.0,1855.0,98643,169023,2014.0,131,2015.0,585,2016.0,164,2017.0,238,2018.0,235,2019.0,73,2020.0,210,2021.0,40,2022.0,92,2023.0,113,2019.0
UR409,,13:41:31.250#,2023.0,2027.0,2007.0,2223.0,1855.0,98643,169023,2014.0,131,2015.0,585,2016.0,164,2017.0,238,2018.0,235,2019.0,72,2020.0,210,2021.0,40,2022.0,92,2023.0,113,2019.0
UR409,,13:41:32.0#,2023.0,2027.0,2007.0,2223.0,1855.0,98644,169022,2014.0,131,2015.0,585,2016.0,164,2017.0,238,2018.0,235,2019.0,71,2020.0,210,2021.0,40,2022.0,92,2023.0,113,2019.0
UR409,,13:41:33.0#,2023.0,2027.0,2007.0,2223.0,1855.0,98645,169022,2014.0,131,2015.0,585,2016.0,164,2017.0,238,2018.0,234,2019.0,71,2020.0,211,2021.0,40,2022.0,92,2023.0,113,2018.0
UR409,,13:41:34.500#,2023.0,2027.0,2007.0,2223.0,1855.0,98645,169022,2014.0,131,2015.0,585,2016.0,164,2017.0,238,2018.0,249,2019.0,71,2020.0,211,2021.0,40,2022.0,92,2023.0,113,2018.0
UR409,,13:41:34.750#,2023.0,2027.0,2007.0,2223.0,1855.0,98645,169022,2014.0,131,2015.0,585,2016.0,164,2017.0,238,2018.0,250,2019.0,71,2020.0,211,2021.0,40,2022.0,92,2023.0,113,2018.0
UR409,,13:41:35.0#,2023.0,2027.0,2007.0,2223.0,1855.0,98645,169022,2014.0,131,2015.0,585,2016.0,164,2017.0,238,2018.0,250,2019.0,71,2020.0,212,2021.0,39,2022.0,92,2023.0,113,2018.0
UR409,,13:41:36.500#,2023.0,2027.0,2007.0,2223.0,1855.0,98647,169024,2014.0,131,2015.0,585,2016.0,164,2017.0,238,2018.0,224,2019.0,71,2020.0,212,2021.0,39,2022.0,92,2023.0,113,2018.0
UR409,,13:41:36.750#,2023.0,2027.0,2007.0,2223.0,1855.0,98647,169024,2014.0,131,2015.0,585,2016.0,164,2017.0,238,2018.0,224,2019.0,73,2020.0,212,2021.0,39,2022.0,92,2023.0,113,2018.0
UR409,,13:41:37.0#,2023.0,2027.0,2007.0,2223.0,1855.0,98647,169024,2014.0,130,2015.0,585,2016.0,164,2017.0,238,2018.0,230,2019.0,73,2020.0,212,2021.0,39,2022.0,92,2023.0,113,2018.0
UR409,,13:41:37.500#,2023.0,2027.0,2007.0,2223.0,1855.0,98649,169026,2014.0,130,2015.0,585,2016.0,164,2017.0,238,2018.0,228,2019.0,73,2020.0,212,2021.0,39,2022.0,92,2023.0,113,2018.0
UR409,,13:41:38.0#,2023.0,2027.0,2007.0,2223.0,1855.0,98649,169026,2014.0,130,2015.0,585,2016.0,164,2017.0,238,2018.0,228,2019.0,73,2020.0,212,2021.0,39,2022.0,92,2023.0,113,2018.0
UR409,,13:41:38.500#,2023.0,2027.0,2007.0,2223.0,1855.0,98649,169026,2014.0,130,2015.0,585,2016.0,164,2017.0,238,2018.0,229,2019.0,73,2020.0,212,2021.0,39,2022.0,92,2023.0,113,2018.0
UR409,,13:41:38.750#,2023.0,2027.0,2007.0,2223.0,1855.0,98649,169026,2014.0,130,2015.0,585,2016.0,164,2017.0,238,2018.0,230,2019.0,73,2020.0,212,2021.0,39,2022.0,92,2023.0,113,2018.0
UR409,,13:41:39.750#,2023.0,2027.0,2007.0,2223.0,1855.0,98650,169027,2014.0,130,2015.0,585,2016.0,164,2017.0,238,2018.0,230,2019.0,73,2020.0,212,2021.0,38,2022.0,92,2023.0,113,2018.0
UR409,,13:41:42.0#,2023.0,2027.0,2007.0,2223.0,1855.0,98650,169027,2014.0,130,2015.0,585,2016.0,164,2017.0,238,2018.0,230,2019.0,74,2020.0,212,2021.0,38,2022.0,92,2023.0,113,2018.0
UR409,,13:41:47.500#,2023.0,2027.0,2007.0,2223.0,1855.0,98653,169029,2014.0,130,2015.0,585,2016.0,163,2017.0,219,2018.0,248,2019.0,76,2020.0,211,2021.0,38,2022.0,93,2023.0,113,2018.0
UR409,,13:41:50.250#,2023.0,2027.0,2007.0,2223.0,1855.0,98655,169031,2014.0,130,2015.0,585,2016.0,163,2017.0,219,2018.0,264,2019.0,73,2020.0,211,2021.0,38,2022.0,93,2023.0,113,2019.0
UR409,,13:41:56.0#,2023.0,2027.0,2007.0,2223.0,1855.0,98658,169032,2014.0,130,2015.0,585,2016.0,163,2017.0,215,2018.0,261,2019.0,70,2020.0,214,2021.0,38,2022.0,93,2023.0,113,2019.0
UR409,,13:41:58.0#,2023.0,2027.0,2007.0,2223.0,1855.0,98659,169032,2014.0,130,2015.0,585,2016.0,180,2017.0,215,2018.0,242,2019.0,80,2020.0,214,2021.0,38,2022.0,93,2023.0,113,2019.0
UR409,,13:41:58.250#,2023.0,2027.0,2007.0,2223.0,1855.0,98661,169032,2014.0,130,2015.0,585,2016.0,180,2017.0,215,2018.0,242,2019.0,78,2020.0,214,2021.0,38,2022.0,93,2023.0,113,2019.0
UR409,,13:41:58.500#,2023.0,2027.0,2007.0,2223.0,1855.0,98661,169032,2014.0,130,2015.0,585,2016.0,180,2017.0,215,2018.0,242,2019.0,80,2020.0,214,2021.0,38,2022.0,93,2023.0,113,2019.0
UR409,,13:41:59.750#,2023.0,2027.0,2007.0,2223.0,1855.0,98661,169032,2014.0,130,2015.0,585,2016.0,180,2017.0,217,2018.0,242,2019.0,80,2020.0,214,2021.0,38,2022.0,93,2023.0,113,2019.0
UR409,,13:42:00.500#,2023.0,2027.0,2007.0,2223.0,1855.0,98661,169032,2014.0,130,2015.0,586,2016.0,180,2017.0,217,2018.0,241,2019.0,80,2020.0,214,2021.0,38,2022.0,93,2023.0,113,2019.0
UR409,,13:42:01.0#,2023.0,2027.0,2007.0,2223.0,1855.0,98661,169032,2014.0,130,2015.0,586,2016.0,180,2017.0,217,2018.0,242,2019.0,80,2020.0,214,2021.0,38,2022.0,93,2023.0,113,2019.0
UR409,,13:42:02.500#,2023.0,2027.0,2007.0,2223.0,1855.0,98684,169016,2014.0,130,2015.0,586,2016.0,180,2017.0,217,2018.0,242,2019.0,60,2020.0,214,2021.0,38,2022.0,93,2023.0,113,2019.0
UR409,,13:42:03.500#,2023.0,2027.0,2007.0,2223.0,1855.0,98696,169017,2014.0,130,2015.0,586,2016.0,180,2017.0,216,2018.0,243,2019.0,51,2020.0,214,2021.0,38,2022.0,93,2023.0,113,2019.0
UR409,,13:42:04.250#,2023.0,2027.0,2007.0,2223.0,1855.0,98697,169017,2014.0,130,2015.0,586,2016.0,180,2017.0,216,2018.0,243,2019.0,50,2020.0,214,2021.0,38,2022.0,93,2023.0,113,2019.0
UR409,,13:42:04.500#,2023.0,2027.0,2007.0,2223.0,1855.0,98697,169017,2014.0,130,2015.0,586,2016.0,180,2017.0,216,2018.0,270,2019.0,50,2020.0,214,2021.0,38,2022.0,93,2023.0,113,2019.0
UR409,,13:42:04.750#,2023.0,2027.0,2007.0,2223.0,1855.0,98697,169017,2014.0,130,2015.0,586,2016.0,180,2017.0,216,2018.0,272,2019.0,47,2020.0,214,2021.0,38,2022.0,93,2023.0,113,2019.0
UR409,,13:42:05.0#,2023.0,2027.0,2007.0,2223.0,1855.0,98698,169017,2014.0,130,2015.0,586,2016.0,180,2017.0,216,2018.0,272,2019.0,46,2020.0,214,2021.0,38,2022.0,93,2023.0,113,2019.0
UR409,,13:42:05.250#,2023.0,2027.0,2007.0,2223.0,1855.0,98698,169017,2014.0,130,2015.0,586,2016.0,180,2017.0,216,2018.0,271,2019.0,46,2020.0,214,2021.0,38,2022.0,93,2023.0,113,2019.0
UR409,,13:42:06.0#,2023.0,2027.0,2007.0,2223.0,1855.0,98698,169017,2014.0,130,2015.0,586,2016.0,180,2017.0,216,2018.0,271,2019.0,46,2020.0,213,2021.0,39,2022.0,93,2023.0,113,2019.0
UR409,,13:42:06.500#,2023.0,2027.0,2007.0,2223.0,1855.0,98698,169017,2014.0,130,2015.0,586,2016.0,180,2017.0,216,2018.0,256,2019.0,46,2020.0,213,2021.0,39,2022.0,93,2023.0,113,2019.0
UR409,,13:42:08.750#,2023.0,2027.0,2007.0,2223.0,1855.0,98698,169017,2014.0,136,2015.0,586,2016.0,180,2017.0,216,2018.0,256,2019.0,54,2020.0,213,2021.0,49,2022.0,93,2023.0,113,2019.0
UR409,,13:42:09.0#,2023.0,2027.0,2007.0,2223.0,1855.0,98698,169017,2014.0,136,2015.0,586,2016.0,180,2017.0,214,2018.0,256,2019.0,54,2020.0,213,2021.0,49,2022.0,93,2023.0,113,2019.0
UR409,,13:42:09.250#,2023.0,2027.0,2007.0,2223.0,1855.0,98698,169017,2014.0,136,2015.0,586,2016.0,181,2017.0,214,2018.0,256,2019.0,57,2020.0,213,2021.0,49,2022.0,93,2023.0,113,2019.0
UR409,,13:42:14.0#,2023.0,2027.0,2007.0,2223.0,1855.0,98702,169021,2014.0,136,2015.0,586,2016.0,181,2017.0,214,2018.0,252,2019.0,55,2020.0,213,2021.0,49,2022.0,93,2023.0,113,2019.0
UR409,,13:42:27.0#,2023.0,2027.0,2007.0,2223.0,1855.0,98704,169023,2014.0,140,2015.0,586,2016.0,181,2017.0,218,2018.0,254,2019.0,51,2020.0,214,2021.0,51,2022.0,93,2023.0,113,2019.0
UR409,,13:42:30.500#,2023.0,2027.0,2007.0,2223.0,1855.0,98708,169027,2014.0,140,2015.0,586,2016.0,184,2017.0,218,2018.0,251,2019.0,44,2020.0,213,2021.0,51,2022.0,93,2023.0,113,2019.0
UR409,,13:42:33.0#,2023.0,2027.0,2007.0,2223.0,1855.0,98709,169028,2014.0,140,2015.0,586,2016.0,184,2017.0,218,2018.0,253,2019.0,43,2020.0,213,2021.0,51,2022.0,93,2023.0,113,2019.0
UR409,,13:42:33.250#,2023.0,2027.0,2007.0,2223.0,1855.0,98709,169028,2014.0,140,2015.0,586,2016.0,184,2017.0,218,2018.0,253,2019.0,30,2020.0,213,2021.0,51,2022.0,93,2023.0,113,2019.0
UR409,,13:42:33.750#,2023.0,2027.0,2007.0,2223.0,1855.0,98709,169028,2014.0,140,2015.0,586,2016.0,184,2017.0,218,2018.0,253,2019.0,30,2020.0,213,2021.0,51,2022.0,93,2023.0,99,2019.0
UR409,,13:42:34.0#,2023.0,2027.0,2007.0,2223.0,1855.0,98709,169028,2014.0,140,2015.0,586,2016.0,184,2017.0,218,2018.0,253,2019.0,30,2020.0,214,2021.0,51,2022.0,93,2023.0,99,2019.0
UR409,,13:42:34.500#,2023.0,2027.0,2007.0,2223.0,1855.0,98709,169028,2014.0,140,2015.0,586,2016.0,184,2017.0,218,2018.0,271,2019.0,30,2020.0,214,2021.0,51,2022.0,93,2023.0,99,2019.0
UR409,,13:42:34.750#,2023.0,2027.0,2007.0,2223.0,1855.0,98709,169028,2014.0,140,2015.0,586,2016.0,184,2017.0,218,2018.0,273,2019.0,30,2020.0,214,2021.0,51,2022.0,93,2023.0,99,2019.0
UR409,,13:42:36.500#,2023.0,2027.0,2007.0,2223.0,1855.0,98709,169028,2014.0,140,2015.0,586,2016.0,184,2017.0,218,2018.0,246,2019.0,30,2020.0,214,2021.0,51,2022.0,93,2023.0,99,2019.0
UR409,,13:42:36.750#,2023.0,2027.0,2007.0,2223.0,1855.0,98712,169026,2014.0,140,2015.0,586,2016.0,184,2017.0,218,2018.0,246,2019.0,27,2020.0,214,2021.0,51,2022.0,93,2023.0,99,2019.0
UR409,,13:42:37.500#,2023.0,2027.0,2007.0,2223.0,1855.0,98712,169026,2014.0,140,2015.0,586,2016.0,184,2017.0,218,2018.0,246,2019.0,27,2020.0,214,2021.0,51,2022.0,93,2023.0,99,2019.0
UR409,,13:42:38.250#,2023.0,2027.0,2007.0,2223.0,1855.0,98712,169026,2014.0,140,2015.0,586,2016.0,184,2017.0,214,2018.0,246,2019.0,27,2020.0,214,2021.0,51,2022.0,93,2023.0,99,2019.0
UR409,,13:42:41.250#,2023.0,2027.0,2007.0,2223.0,1855.0,98712,169026,2014.0,140,2015.0,586,2016.0,184,2017.0,214,2018.0,247,2019.0,27,2020.0,214,2021.0,51,2022.0,93,2023.0,99,2019.0
UR409,,13:42:41.500#,2023.0,2027.0,2007.0,2223.0,1855.0,98718,169029,2014.0,140,2015.0,586,2016.0,184,2017.0,214,2018.0,247,2019.0,21,2020.0,214,2021.0,51,2022.0,93,2023.0,99,2019.0
UR409,,13:42:41.750#,2023.0,2027.0,2007.0,2223.0,1855.0,98718,169029,2014.0,140,2015.0,586,2016.0,184,2017.0,214,2018.0,248,2019.0,22,2020.0,214,2021.0,51,2022.0,93,2023.0,99,2019.0
UR409,,13:42:42.750#,2023.0,2027.0,2007.0,2223.0,1855.0,98719,169028,2014.0,140,2015.0,586,2016.0,184,2017.0,214,2018.0,248,2019.0,21,2020.0,216,2021.0,51,2022.0,93,2023.0,99,2019.0
UR409,,13:42:43.500#,2023.0,2027.0,2007.0,2223.0,1855.0,98719,169028,2014.0,140,2015.0,586,2016.0,184,2017.0,214,2018.0,248,2019.0,34,2020.0,216,2021.0,51,2022.0,93,2023.0,99,2019.0
UR409,,13:42:43.750#,2023.0,2027.0,2007.0,2223.0,1855.0,98719,169028,2014.0,140,2015.0,586,2016.0,184,2017.0,214,2018.0,248,2019.0,40,2020.0,216,2021.0,51,2022.0,93,2023.0,99,2019.0
UR409,,13:42:44.0#,2023.0,2027.0,2007.0,2223.0,1855.0,98719,169028,2014.0,140,2015.0,586,2016.0,184,2017.0,214,2018.0,246,2019.0,44,2020.0,216,2021.0,51,2022.0,93,2023.0,99,2019.0
UR409,,13:42:44.500#,2023.0,2027.0,2007.0,2223.0,1855.0,98719,169028,2014.0,140,2015.0,586,2016.0,184,2017.0,214,2018.0,246,2019.0,58,2020.0,216,2021.0,51,2022.0,93,2023.0,99,2019.0
UR409,,13:42:44.750#,2023.0,2027.0,2007.0,2223.0,1855.0,98719,169028,2014.0,140,2015.0,586,2016.0,184,2017.0,214,2018.0,246,2019.0,60,2020.0,216,2021.0,51,2022.0,93,2023.0,99,2019.0
UR409,,13:42:45.0#,2023.0,2027.0,2007.0,2223.0,1855.0,98719,169028,2014.0,140,2015.0,586,2016.0,184,2017.0,214,2018.0,246,2019.0,60,2020.0,217,2021.0,51,2022.0,93,2023.0,99,2019.0
UR409,,13:42:46.0#,2023.0,2027.0,2007.0,2223.0,1855.0,98719,169028,2014.0,140,2015.0,586,2016.0,184,2017.0,214,2018.0,240,2019.0,60,2020.0,217,2021.0,51,2022.0,93,2023.0,99,2019.0
UR409,,13:42:46.250#,2023.0,2027.0,2007.0,2223.0,1855.0,98720,169027,2014.0,140,2015.0,586,2016.0,184,2017.0,214,2018.0,240,2019.0,59,2020.0,217,2021.0,51,2022.0,93,2023.0,99,2019.0
UR409,,13:42:46.500#,2023.0,2027.0,2007.0,2223.0,1855.0,98720,169027,2014.0,140,2015.0,586,2016.0,184,2017.0,214,2018.0,240,2019.0,58,2020.0,217,2021.0,51,2022.0,93,2023.0,99,2019.0
UR409,,13:42:48.250#,2023.0,2027.0,2007.0,2223.0,1855.0,98720,169027,2014.0,140,2015.0,586,2016.0,184,2017.0,214,2018.0,241,2019.0,58,2020.0,216,2021.0,51,2022.0,93,2023.0,99,2019.0
UR409,,13:42:48.500#,2023.0,2027.0,2007.0,2223.0,1855.0,98721,169028,2014.0,140,2015.0,586,2016.0,184,2017.0,214,2018.0,241,2019.0,48,2020.0,216,2021.0,51,2022.0,93,2023.0,99,2019.0
UR409,,13:42:48.750#,2023.0,2027.0,2007.0,2223.0,1855.0,98721,169028,2014.0,140,2015.0,586,2016.0,184,2017.0,214,2018.0,243,2019.0,34,2020.0,215,2021.0,51,2022.0,93,2023.0,99,2019.0
UR409,,13:42:49.0#,2023.0,2027.0,2007.0,2223.0,1855.0,98724,169028,2014.0,140,2015.0,586,2016.0,184,2017.0,214,2018.0,243,2019.0,20,2020.0,215,2021.0,51,2022.0,93,2023.0,99,2019.0
UR409,,13:42:49.250#,2023.0,2027.0,2007.0,2223.0,1855.0,98724,169028,2014.0,140,2015.0,586,2016.0,184,2017.0,214,2018.0,243,2019.0,18,2020.0,215,2021.0,51,2022.0,93,2023.0,99,2019.0
UR409,,13:42:49.500#,2023.0,2027.0,2007.0,2223.0,1855.0,98724,169028,2014.0,140,2015.0,586,2016.0,184,2017.0,214,2018.0,243,2019.0,21,2020.0,215,2021.0,51,2022.0,93,2023.0,99,2019.0
UR409,,13:42:49.750#,2023.0,2027.0,2007.0,2223.0,1855.0,98725,169028,2014.0,140,2015.0,586,2016.0,184,2017.0,214,2018.0,242,2019.0,21,2020.0,215,2021.0,51,2022.0,93,2023.0,99,2018.0
UR409,,13:42:50.0#,2023.0,2027.0,2007.0,2223.0,1855.0,98729,169024,2014.0,140,2015.0,586,2016.0,184,2017.0,214,2018.0,242,2019.0,17,2020.0,215,2021.0,51,2022.0,93,2023.0,99,2019.0
UR409,,13:42:51.0#,2023.0,2027.0,2007.0,2223.0,1855.0,98731,169022,2014.0,140,2015.0,586,2016.0,184,2017.0,214,2018.0,242,2019.0,15,2020.0,215,2021.0,51,2022.0,93,2023.0,99,2019.0
UR409,,13:42:51.250#,2023.0,2027.0,2007.0,2223.0,1855.0,98731,169022,2014.0,140,2015.0,586,2016.0,184,2017.0,214,2018.0,242,2019.0,16,2020.0,215,2021.0,51,2022.0,93,2023.0,99,2019.0
UR409,,13:42:51.500#,2023.0,2027.0,2007.0,2223.0,1855.0,98731,169022,2014.0,140,2015.0,586,2016.0,184,2017.0,214,2018.0,242,2019.0,19,2020.0,215,2021.0,51,2022.0,93,2023.0,99,2019.0
UR409,,13:42:51.750#,2023.0,2027.0,2007.0,2223.0,1855.0,98731,169022,2014.0,140,2015.0,586,2016.0,184,2017.0,209,2018.0,242,2019.0,25,2020.0,215,2021.0,51,2022.0,93,2023.0,99,2019.0
UR409,,13:42:52.0#,2023.0,2027.0,2007.0,2223.0,1855.0,98731,169022,2014.0,140,2015.0,586,2016.0,184,2017.0,209,2018.0,242,2019.0,48,2020.0,215,2021.0,51,2022.0,93,2023.0,99,2019.0
UR409,,13:42:52.250#,2023.0,2027.0,2007.0,2223.0,1855.0,98732,169022,2014.0,140,2015.0,586,2016.0,184,2017.0,209,2018.0,242,2019.0,49,2020.0,215,2021.0,51,2022.0,93,2023.0,99,2019.0
UR409,,13:42:53.0#,2023.0,2027.0,2007.0,2223.0,1855.0,98732,169022,2014.0,140,2015.0,586,2016.0,184,2017.0,209,2018.0,242,2019.0,49,2020.0,214,2021.0,51,2022.0,93,2023.0,99,2019.0
UR409,,13:42:53.250#,2023.0,2027.0,2007.0,2223.0,1855.0,98732,169022,2014.0,140,2015.0,586,2016.0,184,2017.0,208,2018.0,242,2019.0,49,2020.0,214,2021.0,51,2022.0,93,2023.0,99,2019.0
UR409,,13:42:54.0#,2023.0,2027.0,2007.0,2223.0,1855.0,98732,169022,2014.0,140,2015.0,586,2016.0,184,2017.0,207,2018.0,242,2019.0,49,2020.0,214,2021.0,51,2022.0,93,2023.0,99,2019.0
UR409,,13:42:54.250#,2023.0,2027.0,2007.0,2223.0,1855.0,98732,169022,2014.0,140,2015.0,586,2016.0,184,2017.0,207,2018.0,241,2019.0,49,2020.0,214,2021.0,51,2022.0,93,2023.0,99,2019.0
UR409,,13:42:55.0#,2023.0,2027.0,2007.0,2223.0,1855.0,98732,169022,2014.0,140,2015.0,586,2016.0,184,2017.0,204,2018.0,243,2019.0,49,2020.0,214,2021.0,51,2022.0,93,2023.0,99,2019.0
UR409,,13:42:55.500#,2023.0,2027.0,2007.0,2223.0,1855.0,98732,169022,2014.0,140,2015.0,586,2016.0,184,2017.0,204,2018.0,243,2019.0,50,2020.0,214,2021.0,51,2022.0,93,2023.0,99,2019.0
UR409,,13:42:57.500#,2023.0,2027.0,2007.0,2223.0,1855.0,98732,169022,2014.0,140,2015.0,586,2016.0,184,2017.0,204,2018.0,243,2019.0,50,2020.0,214,2021.0,51,2022.0,93,2023.0,99,2019.0
UR409,,13:42:58.750#,2023.0,2027.0,2007.0,2223.0,1855.0,98732,169022,2014.0,140,2015.0,586,2016.0,184,2017.0,204,2018.0,248,2019.0,50,2020.0,214,2021.0,51,2022.0,93,2023.0,99,2019.0
UR409,,13:43:00.500#,2023.0,2027.0,2007.0,2223.0,1855.0,98733,169023,2014.0,140,2015.0,586,2016.0,184,2017.0,204,2018.0,247,2019.0,50,2020.0,214,2021.0,51,2022.0,93,2023.0,99,2018.0
UR409,,13:43:00.750#,2023.0,2027.0,2007.0,2223.0,1855.0,98735,169021,2014.0,140,2015.0,586,2016.0,184,2017.0,204,2018.0,247,2019.0,53,2020.0,214,2021.0,51,2022.0,93,2023.0,99,2019.0
UR409,,13:43:01.0#,2023.0,2027.0,2007.0,2223.0,1855.0,98735,169021,2014.0,140,2015.0,586,2016.0,184,2017.0,204,2018.0,247,2019.0,53,2020.0,215,2021.0,51,2022.0,93,2023.0,99,2019.0
UR409,,13:43:01.250#,2023.0,2027.0,2007.0,2223.0,1855.0,98736,169020,2014.0,140,2015.0,586,2016.0,184,2017.0,204,2018.0,247,2019.0,52,2020.0,215,2021.0,52,2022.0,93,2023.0,99,2019.0
UR409,,13:43:01.500#,2023.0,2027.0,2007.0,2223.0,1855.0,98756,169009,2014.0,140,2015.0,586,2016.0,167,2017.0,204,2018.0,229,2019.0,52,2020.0,215,2021.0,52,2022.0,93,2023.0,99,2018.0
UR409,,13:43:01.750#,2023.0,2027.0,2007.0,2223.0,1855.0,98756,169009,2014.0,140,2015.0,586,2016.0,167,2017.0,204,2018.0,233,2019.0,74,2020.0,215,2021.0,52,2022.0,93,2023.0,99,2018.0
UR409,,13:43:02.0#,2023.0,2027.0,2007.0,2223.0,1855.0,98756,169009,2014.0,140,2015.0,586,2016.0,167,2017.0,204,2018.0,237,2019.0,77,2020.0,215,2021.0,52,2022.0,93,2023.0,99,2018.0
UR409,,13:43:03.0#,2023.0,2027.0,2007.0,2223.0,1855.0,98756,169009,2014.0,140,2015.0,586,2016.0,167,2017.0,204,2018.0,250,2019.0,77,2020.0,215,2021.0,52,2022.0,93,2023.0,99,2018.0
UR409,,13:43:03.250#,2023.0,2027.0,2007.0,2223.0,1855.0,98756,169009,2014.0,140,2015.0,586,2016.0,167,2017.0,204,2018.0,250,2019.0,75,2020.0,215,2021.0,52,2022.0,93,2023.0,99,2018.0
UR409,,13:43:04.0#,2023.0,2027.0,2007.0,2223.0,1855.0,98758,169009,2014.0,140,2015.0,586,2016.0,167,2017.0,202,2018.0,250,2019.0,72,2020.0,215,2021.0,52,2022.0,93,2023.0,99,2019.0
UR409,,13:43:04.500#,2023.0,2027.0,2007.0,2223.0,1855.0,98758,169009,2014.0,140,2015.0,586,2016.0,167,2017.0,202,2018.0,280,2019.0,64,2020.0,215,2021.0,52,2022.0,93,2023.0,99,2019.0
UR409,,13:43:05.0#,2023.0,2027.0,2007.0,2223.0,1855.0,98758,169009,2014.0,140,2015.0,586,2016.0,167,2017.0,202,2018.0,280,2019.0,25,2020.0,215,2021.0,52,2022.0,93,2023.0,99,2019.0
UR409,,13:43:06.0#,2023.0,2027.0,2007.0,2223.0,1855.0,98758,169009,2014.0,140,2015.0,586,2016.0,167,2017.0,202,2018.0,280,2019.0,25,2020.0,215,2021.0,52,2022.0,93,2023.0,99,2019.0
UR409,,13:43:06.500#,2023.0,2027.0,2007.0,2223.0,1855.0,98758,169009,2014.0,140,2015.0,586,2016.0,167,2017.0,202,2018.0,262,2019.0,25,2020.0,215,2021.0,52,2022.0,93,2023.0,99,2019.0
UR409,,13:43:07.750#,2023.0,2027.0,2007.0,2223.0,1855.0,98759,169009,2014.0,140,2015.0,586,2016.0,167,2017.0,204,2018.0,262,2019.0,24,2020.0,215,2021.0,52,2022.0,93,2023.0,98,2019.0
UR409,,13:43:08.0#,2023.0,2027.0,2007.0,2223.0,1855.0,98759,169009,2014.0,140,2015.0,586,2016.0,167,2017.0,204,2018.0,262,2019.0,20,2020.0,215,2021.0,52,2022.0,93,2023.0,98,2019.0
UR409,,13:43:08.250#,2023.0,2027.0,2007.0,2223.0,1855.0,98759,169009,2014.0,140,2015.0,586,2016.0,167,2017.0,204,2018.0,262,2019.0,12,2020.0,215,2021.0,52,2022.0,93,2023.0,98,2019.0
UR409,,13:43:09.250#,2023.0,2027.0,2007.0,2223.0,1855.0,98759,169009,2014.0,140,2015.0,586,2016.0,167,2017.0,202,2018.0,262,2019.0,12,2020.0,215,2021.0,52,2022.0,93,2023.0,98,2019.0
UR409,,13:43:11.250#,2023.0,2027.0,2007.0,2223.0,1855.0,98761,169011,2014.0,140,2015.0,586,2016.0,167,2017.0,202,2018.0,261,2019.0,10,2020.0,215,2021.0,52,2022.0,93,2023.0,98,2018.0
UR409,,13:43:11.500#,2023.0,2027.0,2007.0,2223.0,1855.0,98761,169011,2014.0,140,2015.0,586,2016.0,168,2017.0,202,2018.0,261,2019.0,10,2020.0,215,2021.0,52,2022.0,93,2023.0,98,2018.0
UR409,,13:43:12.0#,2023.0,2027.0,2007.0,2223.0,1855.0,98761,169011,2014.0,140,2015.0,586,2016.0,168,2017.0,202,2018.0,261,2019.0,10,2020.0,215,2021.0,52,2022.0,93,2023.0,98,2018.0
UR409,,13:43:12.750#,2023.0,2027.0,2007.0,2223.0,1855.0,98761,169011,2014.0,140,2015.0,586,2016.0,168,2017.0,202,2018.0,262,2019.0,10,2020.0,215,2021.0,52,2022.0,93,2023.0,98,2018.0
UR409,,13:43:13.750#,2023.0,2027.0,2007.0,2223.0,1855.0,98761,169011,2014.0,140,2015.0,586,2016.0,168,2017.0,202,2018.0,263,2019.0,10,2020.0,215,2021.0,52,2022.0,93,2023.0,98,2018.0
UR409,,13:43:14.0#,2023.0,2027.0,2007.0,2223.0,1855.0,98761,169011,2014.0,140,2015.0,586,2016.0,168,2017.0,202,2018.0,263,2019.0,17,2020.0,215,2021.0,52,2022.0,93,2023.0,98,2018.0
UR409,,13:43:14.250#,2023.0,2027.0,2007.0,2223.0,1855.0,98761,169011,2014.0,140,2015.0,586,2016.0,168,2017.0,202,2018.0,264,2019.0,18,2020.0,215,2021.0,52,2022.0,93,2023.0,98,2018.0
UR409,,13:43:15.0#,2023.0,2027.0,2007.0,2223.0,1855.0,98779,168998,2015.0,586,2016.0,168,2017.0,202,2018.0,264,2019.0,232,2020.0,223,2021.0,52,2022.0,93,2023.0,98,2024.0,131,2019.0
UR409,,13:43:15.250#,2023.0,2027.0,2007.0,2223.0,1855.0,98779,168998,2015.0,586,2016.0,168,2017.0,200,2018.0,262,2019.0,237,2020.0,214,2021.0,52,2022.0,93,2023.0,98,2024.0,132,2019.0
UR409,,13:43:15.500#,2023.0,2027.0,2007.0,2223.0,1855.0,98779,168998,2015.0,586,2016.0,168,2017.0,200,2018.0,238,2019.0,264,2020.0,214,2021.0,52,2022.0,93,2023.0,98,2024.0,132,2019.0
UR409,,13:43:15.750#,2023.0,2027.0,2007.0,2223.0,1855.0,98779,168998,2015.0,586,2016.0,168,2017.0,200,2018.0,235,2019.0,264,2020.0,214,2021.0,52,2022.0,93,2023.0,98,2024.0,132,2019.0
UR409,,13:43:16.500#,2023.0,2027.0,2007.0,2223.0,1855.0,98799,168978,2015.0,586,2016.0,168,2017.0,200,2018.0,235,2019.0,244,2020.0,216,2021.0,52,2022.0,93,2023.0,99,2024.0,132,2019.0
UR409,,13:43:16.750#,2023.0,2027.0,2007.0,2223.0,1855.0,98799,168978,2015.0,586,2016.0,168,2017.0,200,2018.0,235,2019.0,245,2020.0,216,2021.0,52,2022.0,93,2023.0,99,2024.0,132,2019.0
UR409,,13:43:17.500#,2023.0,2027.0,2007.0,2223.0,1855.0,98802,168977,2015.0,586,2016.0,168,2017.0,200,2018.0,235,2019.0,242,2020.0,216,2021.0,52,2022.0,93,2023.0,99,2024.0,132,2019.0
UR409,,13:43:17.750#,2023.0,2027.0,2007.0,2223.0,1855.0,98804,168977,2015.0,586,2016.0,168,2017.0,200,2018.0,235,2019.0,241,2020.0,216,2021.0,52,2022.0,93,2023.0,99,2024.0,132,2019.0
UR409,,13:43:19.0#,2023.0,2027.0,2007.0,2223.0,1855.0,98804,168977,2015.0,586,2016.0,168,2017.0,200,2018.0,236,2019.0,241,2020.0,216,2021.0,52,2022.0,93,2023.0,99,2024.0,132,2019.0
UR409,,13:43:19.250#,2023.0,2027.0,2007.0,2223.0,1855.0,98804,168977,2015.0,586,2016.0,168,2017.0,200,2018.0,236,2019.0,241,2020.0,216,2021.0,52,2022.0,93,2023.0,99,2024.0,131,2019.0
UR409,,13:43:21.750#,2023.0,2027.0,2007.0,2223.0,1855.0,98804,168977,2015.0,586,2016.0,168,2017.0,199,2018.0,236,2019.0,241,2020.0,214,2021.0,52,2022.0,93,2023.0,99,2024.0,131,2019.0
UR409,,13:43:22.250#,2023.0,2027.0,2007.0,2223.0,1855.0,98804,168977,2015.0,586,2016.0,168,2017.0,199,2018.0,236,2019.0,242,2020.0,214,2021.0,52,2022.0,93,2023.0,99,2024.0,131,2019.0
UR409,,13:43:22.500#,2023.0,2027.0,2007.0,2223.0,1855.0,98804,168977,2015.0,586,2016.0,168,2017.0,199,2018.0,234,2019.0,242,2020.0,214,2021.0,52,2022.0,93,2023.0,99,2024.0,131,2019.0
UR409,,13:43:23.0#,2023.0,2027.0,2007.0,2223.0,1855.0,98804,168977,2015.0,586,2016.0,168,2017.0,199,2018.0,233,2019.0,242,2020.0,214,2021.0,52,2022.0,93,2023.0,99,2024.0,131,2019.0
UR409,,13:43:24.0#,2023.0,2027.0,2007.0,2223.0,1855.0,98807,168974,2015.0,586,2016.0,168,2017.0,199,2018.0,233,2019.0,239,2020.0,214,2021.0,52,2022.0,93,2023.0,99,2024.0,131,2019.0
UR409,,13:43:25.750#,2023.0,2027.0,2007.0,2223.0,1855.0,98807,168974,2015.0,586,2016.0,168,2017.0,199,2018.0,233,2019.0,240,2020.0,214,2021.0,52,2022.0,93,2023.0,99,2024.0,131,2019.0
UR409,,13:43:26.500#,2023.0,2027.0,2007.0,2223.0,1855.0,98807,168974,2015.0,586,2016.0,168,2017.0,199,2018.0,233,2019.0,240,2020.0,217,2021.0,52,2022.0,93,2023.0,99,2024.0,131,2019.0
UR409,,13:43:27.500#,2023.0,2027.0,2007.0,2223.0,1855.0,98807,168974,2015.0,586,2016.0,168,2017.0,199,2018.0,233,2019.0,240,2020.0,218,2021.0,52,2022.0,93,2023.0,99,2024.0,131,2019.0
UR409,,13:43:28.250#,2023.0,2027.0,2007.0,2223.0,1855.0,98807,168974,2015.0,586,2016.0,168,2017.0,199,2018.0,233,2019.0,240,2020.0,218,2021.0,52,2022.0,92,2023.0,99,2024.0,131,2019.0
UR409,,13:43:28.500#,2023.0,2027.0,2007.0,2223.0,1855.0,98807,168974,2015.0,586,2016.0,168,2017.0,199,2018.0,233,2019.0,242,2020.0,218,2021.0,52,2022.0,92,2023.0,99,2024.0,131,2019.0
UR409,,13:43:29.500#,2023.0,2027.0,2007.0,2223.0,1855.0,98807,168974,2015.0,586,2016.0,168,2017.0,199,2018.0,233,2019.0,243,2020.0,218,2021.0,52,2022.0,92,2023.0,99,2024.0,131,2019.0
UR409,,13:43:31.250#,2023.0,2027.0,2007.0,2223.0,1855.0,98808,168974,2015.0,586,2016.0,168,2017.0,199,2018.0,233,2019.0,242,2020.0,218,2021.0,52,2022.0,92,2023.0,99,2024.0,131,2019.0
UR409,,13:43:33.0#,2023.0,2027.0,2007.0,2223.0,1855.0,98808,168974,2015.0,586,2016.0,168,2017.0,199,2018.0,233,2019.0,242,2020.0,218,2021.0,52,2022.0,92,2023.0,99,2024.0,131,2019.0
UR409,,13:43:34.500#,2023.0,2027.0,2007.0,2223.0,1855.0,98808,168974,2015.0,586,2016.0,168,2017.0,199,2018.0,229,2019.0,263,2020.0,218,2021.0,52,2022.0,92,2023.0,99,2024.0,131,2019.0
UR409,,13:43:35.500#,2023.0,2027.0,2007.0,2223.0,1855.0,98808,168974,2015.0,586,2016.0,168,2017.0,199,2018.0,229,2019.0,263,2020.0,218,2021.0,53,2022.0,92,2023.0,99,2024.0,131,2019.0
UR409,,13:43:36.500#,2023.0,2027.0,2007.0,2223.0,1855.0,98808,168974,2015.0,586,2016.0,168,2017.0,199,2018.0,199,2019.0,262,2020.0,218,2021.0,53,2022.0,92,2023.0,99,2024.0,131,2019.0
UR409,,13:43:37.0#,2023.0,2027.0,2007.0,2223.0,1855.0,98809,168973,2015.0,586,2016.0,168,2017.0,199,2018.0,199,2019.0,261,2020.0,217,2021.0,53,2022.0,92,2023.0,99,2024.0,131,2019.0
UR409,,13:43:37.250#,2023.0,2027.0,2007.0,2223.0,1855.0,98810,168973,2015.0,586,2016.0,168,2017.0,199,2018.0,199,2019.0,260,2020.0,217,2021.0,53,2022.0,92,2023.0,99,2024.0,131,2019.0
UR409,,13:43:40.0#,2023.0,2027.0,2007.0,2223.0,1855.0,98811,168973,2015.0,586,2016.0,168,2017.0,199,2018.0,199,2019.0,260,2020.0,216,2021.0,53,2022.0,92,2023.0,99,2024.0,131,2020.0
UR409,,13:43:40.250#,2023.0,2027.0,2007.0,2223.0,1855.0,98831,168962,2015.0,586,2016.0,168,2017.0,200,2018.0,199,2019.0,260,2020.0,199,2021.0,53,2022.0,92,2023.0,99,2024.0,131,2020.0
UR409,,13:43:40.500#,2023.0,2027.0,2007.0,2223.0,1855.0,98832,168962,2015.0,586,2016.0,168,2017.0,200,2018.0,199,2019.0,260,2020.0,199,2021.0,52,2022.0,92,2023.0,99,2024.0,131,2020.0
UR409,,13:43:40.750#,2023.0,2027.0,2007.0,2223.0,1855.0,98837,168962,2015.0,586,2016.0,168,2017.0,200,2018.0,199,2019.0,260,2020.0,194,2021.0,52,2022.0,92,2023.0,99,2024.0,131,2020.0
UR409,,13:43:42.0#,2023.0,2027.0,2007.0,2223.0,1855.0,98837,168962,2015.0,586,2016.0,168,2017.0,200,2018.0,197,2019.0,260,2020.0,194,2021.0,52,2022.0,92,2023.0,99,2024.0,131,2020.0
UR409,,13:43:42.500#,2023.0,2027.0,2007.0,2223.0,1855.0,98837,168962,2015.0,586,2016.0,168,2017.0,200,2018.0,197,2019.0,260,2020.0,195,2021.0,52,2022.0,92,2023.0,99,2024.0,131,2020.0
UR409,,13:43:44.0#,2023.0,2027.0,2007.0,2223.0,1855.0,98838,168962,2015.0,586,2016.0,168,2017.0,200,2018.0,197,2019.0,260,2020.0,194,2021.0,52,2022.0,92,2023.0,99,2024.0,131,2020.0
UR409,,13:43:44.750#,2023.0,2027.0,2007.0,2223.0,1855.0,98838,168962,2015.0,586,2016.0,168,2017.0,200,2018.0,196,2019.0,260,2020.0,194,2021.0,52,2022.0,92,2023.0,99,2024.0,131,2020.0
UR409,,13:43:45.0#,2023.0,2027.0,2007.0,2223.0,1855.0,98838,168962,2015.0,586,2016.0,168,2017.0,200,2018.0,196,2019.0,261,2020.0,194,2021.0,52,2022.0,92,2023.0,99,2024.0,131,2020.0
UR409,,13:43:46.0#,2023.0,2027.0,2007.0,2223.0,1855.0,98838,168962,2015.0,586,2016.0,168,2017.0,200,2018.0,196,2019.0,261,2020.0,194,2021.0,52,2022.0,92,2023.0,99,2024.0,131,2020.0
UR409,,13:43:46.250#,2023.0,2027.0,2007.0,2223.0,1855.0,98840,168960,2015.0,586,2016.0,168,2017.0,200,2018.0,196,2019.0,259,2020.0,194,2021.0,52,2022.0,92,2023.0,99,2024.0,131,2019.0
UR409,,13:43:46.500#,2023.0,2027.0,2007.0,2223.0,1855.0,98842,168958,2015.0,586,2016.0,168,2017.0,200,2018.0,196,2019.0,257,2020.0,194,2021.0,52,2022.0,92,2023.0,99,2024.0,131,2019.0
UR409,,13:43:46.750#,2023.0,2027.0,2007.0,2223.0,1855.0,98845,168955,2015.0,586,2016.0,168,2017.0,200,2018.0,196,2019.0,255,2020.0,194,2021.0,52,2022.0,92,2023.0,99,2024.0,131,2019.0
UR409,,13:43:47.0#,2023.0,2027.0,2007.0,2223.0,1855.0,98849,168953,2015.0,586,2016.0,168,2017.0,200,2018.0,196,2019.0,255,2020.0,190,2021.0,52,2022.0,92,2023.0,99,2024.0,131,2020.0
UR409,,13:43:48.0#,2023.0,2027.0,2007.0,2223.0,1855.0,98850,168953,2015.0,586,2016.0,168,2017.0,200,2018.0,196,2019.0,255,2020.0,189,2021.0,52,2022.0,92,2023.0,99,2024.0,131,2020.0
UR409,,13:43:48.750#,2023.0,2027.0,2007.0,2223.0,1855.0,98850,168953,2015.0,586,2016.0,168,2017.0,200,2018.0,196,2019.0,263,2020.0,189,2021.0,52,2022.0,92,2023.0,99,2024.0,131,2020.0
UR409,,13:43:51.0#,2023.0,2027.0,2007.0,2223.0,1855.0,98851,168953,2015.0,586,2016.0,168,2017.0,200,2018.0,196,2019.0,264,2020.0,188,2021.0,52,2022.0,92,2023.0,99,2024.0,131,2020.0
UR409,,13:43:53.500#,2023.0,2027.0,2007.0,2223.0,1855.0,98851,168953,2015.0,586,2016.0,168,2017.0,200,2018.0,196,2019.0,264,2020.0,188,2021.0,52,2022.0,92,2023.0,99,2024.0,131,2020.0
UR409,,13:43:53.750#,2023.0,2027.0,2007.0,2223.0,1855.0,98853,168951,2015.0,586,2016.0,168,2017.0,200,2018.0,196,2019.0,264,2020.0,186,2021.0,52,2022.0,92,2023.0,99,2024.0,131,2020.0
UR409,,13:43:54.0#,2023.0,2027.0,2007.0,2223.0,1855.0,98853,168951,2015.0,586,2016.0,168,2017.0,200,2018.0,202,2019.0,264,2020.0,186,2021.0,52,2022.0,92,2023.0,99,2024.0,131,2020.0
UR409,,13:43:54.250#,2023.0,2027.0,2007.0,2223.0,1855.0,98853,168951,2015.0,586,2016.0,168,2017.0,200,2018.0,202,2019.0,264,2020.0,186,2021.0,52,2022.0,92,2023.0,99,2024.0,131,2020.0
UR409,,13:43:55.0#,2023.0,2027.0,2007.0,2223.0,1855.0,98853,168951,2015.0,586,2016.0,168,2017.0,200,2018.0,202,2019.0,264,2020.0,187,2021.0,52,2022.0,92,2023.0,99,2024.0,130,2020.0
UR409,,13:43:55.250#,2023.0,2027.0,2007.0,2223.0,1855.0,98853,168951,2015.0,586,2016.0,168,2017.0,200,2018.0,202,2019.0,264,2020.0,187,2021.0,52,2022.0,92,2023.0,100,2024.0,130,2020.0
UR409,,13:43:55.750#,2023.0,2027.0,2007.0,2223.0,1855.0,98853,168951,2015.0,586,2016.0,168,2017.0,200,2018.0,182,2019.0,264,2020.0,187,2021.0,52,2022.0,92,2023.0,100,2024.0,130,2020.0
UR409,,13:43:56.0#,2023.0,2027.0,2007.0,2223.0,1855.0,98853,168951,2015.0,586,2016.0,168,2017.0,200,2018.0,182,2019.0,265,2020.0,187,2021.0,52,2022.0,92,2023.0,100,2024.0,130,2020.0
UR409,,13:43:56.500#,2023.0,2027.0,2007.0,2223.0,1855.0,98853,168951,2015.0,586,2016.0,168,2017.0,200,2018.0,182,2019.0,265,2020.0,187,2021.0,52,2022.0,92,2023.0,75,2024.0,130,2020.0
UR409,,13:43:56.750#,2023.0,2027.0,2007.0,2223.0,1855.0,98853,168951,2015.0,586,2016.0,168,2017.0,200,2018.0,182,2019.0,265,2020.0,187,2021.0,52,2022.0,92,2023.0,75,2024.0,155,2020.0
UR409,,13:43:57.250#,2023.0,2027.0,2007.0,2223.0,1855.0,98853,168951,2015.0,586,2016.0,169,2017.0,200,2018.0,181,2019.0,265,2020.0,187,2021.0,52,2022.0,92,2023.0,75,2024.0,155,2020.0
UR409,,13:43:58.250#,2023.0,2027.0,2007.0,2223.0,1855.0,98853,168951,2015.0,586,2016.0,169,2017.0,200,2018.0,181,2019.0,266,2020.0,187,2021.0,52,2022.0,92,2023.0,75,2024.0,155,2020.0
UR409,,13:43:59.250#,2023.0,2027.0,2007.0,2223.0,1855.0,98853,168951,2015.0,586,2016.0,169,2017.0,200,2018.0,181,2019.0,266,2020.0,187,2021.0,52,2022.0,92,2023.0,75,2024.0,155,2020.0
UR409,,13:43:59.750#,2023.0,2027.0,2007.0,2223.0,1855.0,98853,168951,2015.0,586,2016.0,169,2017.0,200,2018.0,181,2019.0,266,2020.0,187,2021.0,52,2022.0,92,2023.0,75,2024.0,155,2020.0
UR409,,13:44:00.500#,2023.0,2027.0,2007.0,2223.0,1855.0,98853,168951,2015.0,586,2016.0,169,2017.0,200,2018.0,181,2019.0,266,2020.0,188,2021.0,52,2022.0,92,2023.0,75,2024.0,155,2020.0
UR409,,13:44:00.750#,2023.0,2027.0,2007.0,2223.0,1855.0,98923,168891,2015.0,586,2016.0,169,2017.0,200,2018.0,181,2019.0,271,2020.0,118,2021.0,52,2022.0,92,2023.0,75,2024.0,155,2020.0
UR409,,13:44:01.0#,2023.0,2027.0,2007.0,2223.0,1855.0,98989,168873,2015.0,586,2016.0,169,2017.0,200,2018.0,181,2019.0,271,2020.0,50,2021.0,52,2022.0,92,2023.0,75,2024.0,155,2020.0
UR409,,13:44:01.500#,2023.0,2027.0,2007.0,2223.0,1855.0,99041,168904,2016.0,169,2017.0,200,2018.0,181,2019.0,269,2020.0,46,2021.0,80,2022.0,92,2023.0,75,2024.0,155,2025.0,406,2020.0
UR409,,13:44:02.0#,2023.0,2027.0,2007.0,2223.0,1855.0,99047,168898,2016.0,169,2017.0,199,2018.0,166,2019.0,260,2020.0,41,2021.0,86,2022.0,92,2023.0,75,2024.0,155,2025.0,406,2021.0
UR409,,13:44:02.250#,2023.0,2027.0,2007.0,2223.0,1855.0,99054,168892,2016.0,169,2017.0,199,2018.0,166,2019.0,260,2020.0,37,2021.0,84,2022.0,92,2023.0,75,2024.0,155,2025.0,406,2021.0
UR409,,13:44:02.750#,2023.0,2027.0,2007.0,2223.0,1855.0,99056,168892,2016.0,169,2017.0,199,2018.0,166,2019.0,260,2020.0,36,2021.0,83,2022.0,92,2023.0,75,2024.0,155,2025.0,406,2021.0
UR409,,13:44:03.500#,2023.0,2027.0,2007.0,2223.0,1855.0,99056,168892,2016.0,169,2017.0,197,2018.0,167,2019.0,260,2020.0,36,2021.0,83,2022.0,92,2023.0,74,2024.0,155,2025.0,406,2021.0
UR409,,13:44:03.750#,2023.0,2027.0,2007.0,2223.0,1855.0,99056,168892,2016.0,169,2017.0,197,2018.0,167,2019.0,260,2020.0,36,2021.0,83,2022.0,92,2023.0,74,2024.0,156,2025.0,406,2021.0
UR409,,13:44:04.0#,2023.0,2027.0,2007.0,2223.0,1855.0,99056,168892,2016.0,169,2017.0,197,2018.0,167,2019.0,260,2020.0,37,2021.0,83,2022.0,92,2023.0,74,2024.0,156,2025.0,406,2021.0
UR409,,13:44:04.250#,2023.0,2027.0,2007.0,2223.0,1855.0,99056,168892,2016.0,169,2017.0,197,2018.0,167,2019.0,258,2020.0,38,2021.0,83,2022.0,92,2023.0,74,2024.0,156,2025.0,406,2021.0
UR409,,13:44:04.500#,2023.0,2027.0,2007.0,2223.0,1855.0,99056,168892,2016.0,169,2017.0,197,2018.0,167,2019.0,258,2020.0,71,2021.0,83,2022.0,92,2023.0,74,2024.0,156,2025.0,406,2021.0
UR409,,13:44:04.750#,2023.0,2027.0,2007.0,2223.0,1855.0,99056,168892,2016.0,169,2017.0,197,2018.0,167,2019.0,239,2020.0,93,2021.0,81,2022.0,92,2023.0,74,2024.0,156,2025.0,406,2021.0
UR409,,13:44:05.0#,2023.0,2027.0,2007.0,2223.0,1855.0,99069,168894,2016.0,169,2017.0,197,2018.0,167,2019.0,238,2020.0,96,2021.0,68,2022.0,92,2023.0,74,2024.0,156,2025.0,406,2021.0
UR409,,13:44:05.250#,2023.0,2027.0,2007.0,2223.0,1855.0,99069,168894,2016.0,169,2017.0,197,2018.0,167,2019.0,233,2020.0,101,2021.0,62,2022.0,92,2023.0,80,2024.0,156,2025.0,406,2021.0
UR409,,13:44:05.750#,2023.0,2027.0,2007.0,2223.0,1855.0,99069,168894,2016.0,169,2017.0,197,2018.0,167,2019.0,233,2020.0,104,2021.0,62,2022.0,92,2023.0,80,2024.0,156,2025.0,406,2021.0
UR409,,13:44:06.250#,2023.0,2027.0,2007.0,2223.0,1855.0,99069,168894,2016.0,169,2017.0,197,2018.0,167,2019.0,212,2020.0,154,2021.0,62,2022.0,92,2023.0,80,2024.0,156,2025.0,406,2021.0
UR409,,13:44:06.500#,2023.0,2027.0,2007.0,2223.0,1855.0,99070,168895,2016.0,169,2017.0,157,2018.0,160,2019.0,210,2020.0,147,2021.0,52,2022.0,92,2023.0,80,2024.0,156,2025.0,406,2020.0
UR409,,13:44:06.750#,2023.0,2027.0,2007.0,2223.0,1855.0,99072,168895,2016.0,169,2017.0,157,2018.0,160,2019.0,210,2020.0,147,2021.0,50,2022.0,92,2023.0,80,2024.0,156,2025.0,406,2021.0
UR409,,13:44:07.0#,2023.0,2027.0,2007.0,2223.0,1855.0,99072,168895,2016.0,169,2017.0,157,2018.0,160,2019.0,210,2020.0,147,2021.0,48,2022.0,92,2023.0,80,2024.0,156,2025.0,406,2021.0
UR409,,13:44:08.250#,2023.0,2027.0,2007.0,2223.0,1855.0,99072,168895,2016.0,169,2017.0,157,2018.0,160,2019.0,210,2020.0,152,2021.0,48,2022.0,92,2023.0,80,2024.0,156,2025.0,406,2021.0
UR409,,13:44:08.500#,2023.0,2027.0,2007.0,2223.0,1855.0,99073,168894,2016.0,169,2017.0,157,2018.0,160,2019.0,210,2020.0,153,2021.0,38,2022.0,92,2023.0,80,2024.0,156,2025.0,406,2021.0
UR409,,13:44:09.0#,2023.0,2027.0,2007.0,2223.0,1855.0,99073,168894,2016.0,170,2017.0,157,2018.0,160,2019.0,210,2020.0,153,2021.0,38,2022.0,92,2023.0,80,2024.0,156,2025.0,406,2021.0
UR409,,13:44:09.500#,2023.0,2027.0,2007.0,2223.0,1855.0,99074,168894,2016.0,170,2017.0,157,2018.0,160,2019.0,210,2020.0,153,2021.0,37,2022.0,92,2023.0,80,2024.0,156,2025.0,406,2021.0
UR409,,13:44:09.750#,2023.0,2027.0,2007.0,2223.0,1855.0,99074,168894,2016.0,170,2017.0,157,2018.0,159,2019.0,210,2020.0,154,2021.0,37,2022.0,92,2023.0,80,2024.0,156,2025.0,406,2021.0
UR409,,13:44:10.250#,2023.0,2027.0,2007.0,2223.0,1855.0,99110,168875,2017.0,157,2018.0,159,2019.0,210,2020.0,154,2021.0,6,2022.0,102,2023.0,80,2024.0,156,2025.0,406,2026.0,264,2021.0
UR409,,13:44:10.500#,2023.0,2027.0,2007.0,2223.0,1855.0,99133,168866,2017.0,157,2018.0,163,2019.0,210,2020.0,154,2021.0,9,2022.0,122,2023.0,80,2024.0,156,2025.0,406,2026.0,256,2022.0
UR409,,13:44:11.0#,2023.0,2027.0,2007.0,2223.0,1855.0,99146,168859,2017.0,157,2018.0,163,2019.0,210,2020.0,140,2021.0,45,2022.0,128,2023.0,80,2024.0,156,2025.0,406,2026.0,256,2021.0
UR409,,13:44:11.500#,2023.0,2027.0,2007.0,2223.0,1855.0,99146,168859,2017.0,157,2018.0,163,2019.0,210,2020.0,140,2021.0,52,2022.0,118,2023.0,80,2024.0,156,2025.0,406,2026.0,256,2021.0
UR409,,13:44:11.750#,2023.0,2027.0,2007.0,2223.0,1855.0,99146,168859,2017.0,157,2018.0,163,2019.0,210,2020.0,140,2021.0,57,2022.0,118,2023.0,80,2024.0,156,2025.0,406,2026.0,256,2021.0
UR409,,13:44:12.500#,2023.0,2027.0,2007.0,2223.0,1855.0,99146,168859,2017.0,157,2018.0,163,2019.0,210,2020.0,140,2021.0,58,2022.0,118,2023.0,80,2024.0,156,2025.0,406,2026.0,256,2021.0
UR409,,13:44:12.750#,2023.0,2027.0,2007.0,2223.0,1855.0,99146,168859,2017.0,157,2018.0,163,2019.0,210,2020.0,140,2021.0,58,2022.0,118,2023.0,80,2024.0,156,2025.0,406,2026.0,256,2021.0
UR409,,13:44:13.0#,2023.0,2027.0,2007.0,2223.0,1855.0,99146,168859,2017.0,158,2018.0,163,2019.0,210,2020.0,141,2021.0,58,2022.0,124,2023.0,80,2024.0,156,2025.0,406,2026.0,256,2021.0
UR409,,13:44:13.250#,2023.0,2027.0,2007.0,2223.0,1855.0,99146,168859,2017.0,158,2018.0,163,2019.0,210,2020.0,141,2021.0,59,2022.0,118,2023.0,80,2024.0,156,2025.0,406,2026.0,256,2021.0
UR409,,13:44:13.500#,2023.0,2027.0,2007.0,2223.0,1855.0,99146,168859,2017.0,158,2018.0,163,2019.0,210,2020.0,141,2021.0,64,2022.0,118,2023.0,80,2024.0,156,2025.0,406,2026.0,256,2021.0
UR409,,13:44:13.750#,2023.0,2027.0,2007.0,2223.0,1855.0,99146,168859,2017.0,158,2018.0,163,2019.0,210,2020.0,139,2021.0,65,2022.0,118,2023.0,80,2024.0,156,2025.0,406,2026.0,256,2021.0
UR409,,13:44:14.0#,2023.0,2027.0,2007.0,2223.0,1855.0,99146,168859,2017.0,158,2018.0,163,2019.0,210,2020.0,139,2021.0,67,2022.0,118,2023.0,80,2024.0,156,2025.0,406,2026.0,256,2021.0
UR409,,13:44:15.500#,2023.0,2027.0,2007.0,2223.0,1855.0,99147,168859,2017.0,158,2018.0,163,2019.0,210,2020.0,139,2021.0,67,2022.0,117,2023.0,80,2024.0,156,2025.0,406,2026.0,256,2022.0
UR409,,13:44:15.750#,2023.0,2027.0,2007.0,2223.0,1855.0,99157,168849,2017.0,158,2018.0,163,2019.0,210,2020.0,139,2021.0,69,2022.0,107,2023.0,80,2024.0,156,2025.0,406,2026.0,256,2021.0
UR409,,13:44:16.0#,2023.0,2027.0,2007.0,2223.0,1855.0,99157,168849,2017.0,158,2018.0,163,2019.0,210,2020.0,139,2021.0,70,2022.0,107,2023.0,81,2024.0,156,2025.0,406,2026.0,256,2021.0
UR409,,13:44:16.500#,2023.0,2027.0,2007.0,2223.0,1855.0,99157,168849,2017.0,158,2018.0,163,2019.0,210,2020.0,139,2021.0,70,2022.0,119,2023.0,81,2024.0,156,2025.0,406,2026.0,256,2021.0
UR409,,13:44:16.750#,2023.0,2027.0,2007.0,2223.0,1855.0,99169,168837,2017.0,158,2018.0,163,2019.0,210,2020.0,139,2021.0,58,2022.0,125,2023.0,81,2024.0,156,2025.0,406,2026.0,256,2021.0
UR409,,13:44:17.0#,2023.0,2027.0,2007.0,2223.0,1855.0,99169,168837,2017.0,158,2018.0,163,2019.0,209,2020.0,89,2021.0,55,2022.0,119,2023.0,81,2024.0,156,2025.0,406,2026.0,256,2021.0
UR409,,13:44:17.250#,2023.0,2027.0,2007.0,2223.0,1855.0,99171,168835,2017.0,158,2018.0,163,2019.0,209,2020.0,92,2021.0,57,2022.0,125,2023.0,81,2024.0,156,2025.0,406,2026.0,256,2021.0
UR409,,13:44:17.500#,2023.0,2027.0,2007.0,2223.0,1855.0,99171,168835,2017.0,159,2018.0,163,2019.0,209,2020.0,92,2021.0,57,2022.0,125,2023.0,81,2024.0,156,2025.0,406,2026.0,256,2021.0
UR409,,13:44:17.750#,2023.0,2027.0,2007.0,2223.0,1855.0,99173,168835,2017.0,159,2018.0,163,2019.0,226,2020.0,92,2021.0,55,2022.0,123,2023.0,81,2024.0,156,2025.0,406,2026.0,256,2021.0
UR409,,13:44:18.0#,2023.0,2027.0,2007.0,2223.0,1855.0,99206,168802,2017.0,159,2018.0,163,2019.0,226,2020.0,92,2021.0,55,2022.0,86,2023.0,81,2024.0,156,2025.0,406,2026.0,256,2022.0
UR409,,13:44:18.250#,2023.0,2027.0,2007.0,2223.0,1855.0,99206,168802,2017.0,154,2018.0,163,2019.0,226,2020.0,68,2021.0,85,2022.0,86,2023.0,81,2024.0,156,2025.0,406,2026.0,256,2022.0
UR409,,13:44:18.500#,2023.0,2027.0,2007.0,2223.0,1855.0,99206,168802,2017.0,154,2018.0,163,2019.0,226,2020.0,73,2021.0,85,2022.0,84,2023.0,81,2024.0,156,2025.0,406,2026.0,256,2022.0
UR409,,13:44:18.750#,2023.0,2027.0,2007.0,2223.0,1855.0,99206,168802,2017.0,157,2018.0,163,2019.0,226,2020.0,73,2021.0,85,2022.0,79,2023.0,81,2024.0,156,2025.0,406,2026.0,256,2022.0
UR409,,13:44:19.0#,2023.0,2027.0,2007.0,2223.0,1855.0,99206,168802,2017.0,157,2018.0,163,2019.0,226,2020.0,72,2021.0,85,2022.0,75,2023.0,81,2024.0,156,2025.0,406,2026.0,256,2022.0
UR409,,13:44:19.250#,2023.0,2027.0,2007.0,2223.0,1855.0,99212,168802,2017.0,157,2018.0,163,2019.0,226,2020.0,72,2021.0,86,2022.0,69,2023.0,81,2024.0,156,2025.0,406,2026.0,256,2022.0
UR409,,13:44:19.500#,2023.0,2027.0,2007.0,2223.0,1855.0,99213,168801,2017.0,157,2018.0,163,2019.0,226,2020.0,72,2021.0,86,2022.0,68,2023.0,81,2024.0,156,2025.0,406,2026.0,256,2022.0
UR409,,13:44:19.750#,2023.0,2027.0,2007.0,2223.0,1855.0,99214,168800,2017.0,157,2018.0,163,2019.0,226,2020.0,72,2021.0,86,2022.0,67,2023.0,81,2024.0,156,2025.0,406,2026.0,256,2022.0
UR409,,13:44:20.750#,2023.0,2027.0,2007.0,2223.0,1855.0,99214,168800,2017.0,157,2018.0,163,2019.0,226,2020.0,72,2021.0,86,2022.0,68,2023.0,81,2024.0,156,2025.0,406,2026.0,256,2022.0
UR409,,13:44:21.0#,2023.0,2027.0,2007.0,2223.0,1855.0,99214,168800,2017.0,157,2018.0,163,2019.0,226,2020.0,72,2021.0,86,2022.0,71,2023.0,81,2024.0,154,2025.0,406,2026.0,256,2022.0
UR409,,13:44:21.250#,2023.0,2027.0,2007.0,2223.0,1855.0,99214,168800,2017.0,157,2018.0,163,2019.0,226,2020.0,72,2021.0,86,2022.0,77,2023.0,81,2024.0,155,2025.0,406,2026.0,256,2022.0
UR409,,13:44:21.500#,2023.0,2027.0,2007.0,2223.0,1855.0,99215,168800,2017.0,156,2018.0,163,2019.0,217,2020.0,72,2021.0,85,2022.0,80,2023.0,81,2024.0,150,2025.0,407,2026.0,256,2021.0
UR409,,13:44:21.750#,2023.0,2027.0,2007.0,2223.0,1855.0,99215,168800,2017.0,156,2018.0,163,2019.0,217,2020.0,72,2021.0,85,2022.0,80,2023.0,81,2024.0,150,2025.0,407,2026.0,256,2021.0
UR409,,13:44:22.0#,2023.0,2027.0,2007.0,2223.0,1855.0,99215,168800,2017.0,156,2018.0,163,2019.0,217,2020.0,72,2021.0,91,2022.0,81,2023.0,81,2024.0,150,2025.0,407,2026.0,256,2021.0
UR409,,13:44:22.250#,2023.0,2027.0,2007.0,2223.0,1855.0,99215,168800,2017.0,156,2018.0,163,2019.0,217,2020.0,72,2021.0,91,2022.0,80,2023.0,81,2024.0,150,2025.0,407,2026.0,256,2021.0
UR409,,13:44:22.500#,2023.0,2027.0,2007.0,2223.0,1855.0,99215,168800,2017.0,156,2018.0,163,2019.0,217,2020.0,72,2021.0,91,2022.0,81,2023.0,81,2024.0,145,2025.0,412,2026.0,256,2021.0
UR409,,13:44:22.750#,2023.0,2027.0,2007.0,2223.0,1855.0,99224,168800,2017.0,156,2018.0,163,2019.0,217,2020.0,72,2021.0,91,2022.0,72,2023.0,81,2024.0,145,2025.0,412,2026.0,256,2022.0
UR409,,13:44:23.0#,2023.0,2027.0,2007.0,2223.0,1855.0,99224,168800,2017.0,156,2018.0,163,2019.0,217,2020.0,72,2021.0,95,2022.0,67,2023.0,81,2024.0,145,2025.0,412,2026.0,256,2022.0
UR409,,13:44:23.500#,2023.0,2027.0,2007.0,2223.0,1855.0,99224,168800,2017.0,156,2018.0,162,2019.0,217,2020.0,72,2021.0,95,2022.0,65,2023.0,81,2024.0,145,2025.0,412,2026.0,256,2022.0
UR409,,13:44:25.0#,2023.0,2027.0,2007.0,2223.0,1855.0,99224,168800,2017.0,156,2018.0,162,2019.0,217,2020.0,72,2021.0,96,2022.0,65,2023.0,81,2024.0,145,2025.0,412,2026.0,256,2022.0
UR409,,13:44:25.500#,2023.0,2027.0,2007.0,2223.0,1855.0,99229,168800,2017.0,156,2018.0,162,2019.0,217,2020.0,72,2021.0,97,2022.0,60,2023.0,81,2024.0,145,2025.0,412,2026.0,256,2022.0
UR409,,13:44:25.750#,2023.0,2027.0,2007.0,2223.0,1855.0,99229,168800,2017.0,156,2018.0,162,2019.0,217,2020.0,72,2021.0,102,2022.0,60,2023.0,81,2024.0,145,2025.0,412,2026.0,256,2022.0
UR409,,13:44:26.0#,2023.0,2027.0,2007.0,2223.0,1855.0,99229,168800,2017.0,156,2018.0,162,2019.0,217,2020.0,72,2021.0,102,2022.0,58,2023.0,81,2024.0,145,2025.0,412,2026.0,256,2022.0
UR409,,13:44:26.250#,2023.0,2027.0,2007.0,2223.0,1855.0,99230,168799,2017.0,156,2018.0,162,2019.0,217,2020.0,72,2021.0,102,2022.0,57,2023.0,81,2024.0,145,2025.0,412,2026.0,256,2022.0
UR409,,13:44:26.750#,2023.0,2027.0,2007.0,2223.0,1855.0,99230,168799,2017.0,156,2018.0,162,2019.0,218,2020.0,72,2021.0,102,2022.0,57,2023.0,81,2024.0,145,2025.0,412,2026.0,256,2022.0
UR409,,13:44:27.250#,2023.0,2027.0,2007.0,2223.0,1855.0,99230,168799,2017.0,156,2018.0,162,2019.0,218,2020.0,72,2021.0,102,2022.0,62,2023.0,81,2024.0,145,2025.0,412,2026.0,256,2022.0
UR409,,13:44:27.500#,2023.0,2027.0,2007.0,2223.0,1855.0,99230,168799,2017.0,156,2018.0,162,2019.0,218,2020.0,72,2021.0,102,2022.0,64,2023.0,81,2024.0,145,2025.0,412,2026.0,256,2022.0
UR409,,13:44:27.750#,2023.0,2027.0,2007.0,2223.0,1855.0,99230,168799,2017.0,156,2018.0,162,2019.0,218,2020.0,72,2021.0,97,2022.0,64,2023.0,81,2024.0,145,2025.0,412,2026.0,256,2022.0
UR409,,13:44:28.0#,2023.0,2027.0,2007.0,2223.0,1855.0,99230,168799,2017.0,156,2018.0,162,2019.0,218,2020.0,72,2021.0,97,2022.0,69,2023.0,81,2024.0,145,2025.0,412,2026.0,256,2022.0
UR409,,13:44:28.500#,2023.0,2027.0,2007.0,2223.0,1855.0,99237,168799,2017.0,156,2018.0,162,2019.0,218,2020.0,72,2021.0,102,2022.0,65,2023.0,81,2024.0,145,2025.0,413,2026.0,256,2022.0
UR409,,13:44:29.250#,2023.0,2027.0,2007.0,2223.0,1855.0,99239,168799,2017.0,156,2018.0,162,2019.0,218,2020.0,72,2021.0,102,2022.0,63,2023.0,80,2024.0,145,2025.0,413,2026.0,256,2022.0
UR409,,13:44:30.0#,2023.0,2027.0,2007.0,2223.0,1855.0,99239,168799,2017.0,156,2018.0,162,2019.0,218,2020.0,72,2021.0,105,2022.0,64,2023.0,80,2024.0,144,2025.0,409,2026.0,256,2022.0
UR409,,13:44:30.250#,2023.0,2027.0,2007.0,2223.0,1855.0,99239,168799,2017.0,156,2018.0,162,2019.0,218,2020.0,72,2021.0,106,2022.0,64,2023.0,80,2024.0,144,2025.0,409,2026.0,256,2022.0
UR409,,13:44:30.500#,2023.0,2027.0,2007.0,2223.0,1855.0,99247,168801,2017.0,156,2018.0,162,2019.0,218,2020.0,72,2021.0,106,2022.0,56,2023.0,80,2024.0,144,2025.0,409,2026.0,256,2022.0
UR409,,13:44:30.750#,2023.0,2027.0,2007.0,2223.0,1855.0,99249,168801,2017.0,156,2018.0,162,2019.0,218,2020.0,72,2021.0,111,2022.0,54,2023.0,80,2024.0,144,2025.0,409,2026.0,256,2022.0
UR409,,13:44:31.0#,2023.0,2027.0,2007.0,2223.0,1855.0,99249,168801,2017.0,156,2018.0,162,2019.0,218,2020.0,72,2021.0,111,2022.0,55,2023.0,80,2024.0,144,2025.0,409,2026.0,256,2022.0
UR409,,13:44:31.500#,2023.0,2027.0,2007.0,2223.0,1855.0,99249,168801,2017.0,156,2018.0,162,2019.0,218,2020.0,72,2021.0,129,2022.0,55,2023.0,80,2024.0,144,2025.0,409,2026.0,256,2022.0
UR409,,13:44:32.250#,2023.0,2027.0,2007.0,2223.0,1855.0,99250,168801,2017.0,152,2018.0,162,2019.0,218,2020.0,72,2021.0,129,2022.0,54,2023.0,80,2024.0,144,2025.0,409,2026.0,256,2022.0
UR409,,13:44:32.500#,2023.0,2027.0,2007.0,2223.0,1855.0,99255,168801,2017.0,152,2018.0,162,2019.0,218,2020.0,72,2021.0,129,2022.0,50,2023.0,80,2024.0,144,2025.0,409,2026.0,256,2022.0
UR409,,13:44:33.0#,2023.0,2027.0,2007.0,2223.0,1855.0,99256,168801,2017.0,152,2018.0,162,2019.0,218,2020.0,72,2021.0,129,2022.0,49,2023.0,80,2024.0,144,2025.0,409,2026.0,256,2022.0
UR409,,13:44:33.750#,2023.0,2027.0,2007.0,2223.0,1855.0,99256,168801,2017.0,152,2018.0,162,2019.0,218,2020.0,72,2021.0,129,2022.0,50,2023.0,80,2024.0,144,2025.0,409,2026.0,256,2022.0
UR409,,13:44:34.0#,2023.0,2027.0,2007.0,2223.0,1855.0,99256,168801,2017.0,152,2018.0,162,2019.0,218,2020.0,72,2021.0,129,2022.0,51,2023.0,80,2024.0,144,2025.0,409,2026.0,256,2022.0
UR409,,13:44:34.250#,2023.0,2027.0,2007.0,2223.0,1855.0,99258,168801,2017.0,152,2018.0,162,2019.0,218,2020.0,72,2021.0,129,2022.0,50,2023.0,80,2024.0,144,2025.0,409,2026.0,256,2022.0
UR409,,13:44:34.500#,2023.0,2027.0,2007.0,2223.0,1855.0,99258,168801,2017.0,152,2018.0,162,2019.0,218,2020.0,72,2021.0,153,2022.0,50,2023.0,80,2024.0,144,2025.0,410,2026.0,256,2022.0
UR409,,13:44:34.750#,2023.0,2027.0,2007.0,2223.0,1855.0,99258,168801,2017.0,152,2018.0,162,2019.0,217,2020.0,72,2021.0,153,2022.0,50,2023.0,80,2024.0,144,2025.0,410,2026.0,256,2022.0
UR409,,13:44:35.0#,2023.0,2027.0,2007.0,2223.0,1855.0,99258,168801,2017.0,152,2018.0,162,2019.0,217,2020.0,72,2021.0,153,2022.0,50,2023.0,80,2024.0,144,2025.0,410,2026.0,256,2022.0
UR409,,13:44:35.250#,2023.0,2027.0,2007.0,2223.0,1855.0,99258,168801,2017.0,149,2018.0,162,2019.0,217,2020.0,72,2021.0,153,2022.0,50,2023.0,80,2024.0,144,2025.0,410,2026.0,256,2022.0
UR409,,13:44:35.500#,2023.0,2027.0,2007.0,2223.0,1855.0,99258,168801,2017.0,159,2018.0,162,2019.0,217,2020.0,72,2021.0,153,2022.0,59,2023.0,80,2024.0,144,2025.0,410,2026.0,256,2022.0
UR409,,13:44:35.750#,2023.0,2027.0,2007.0,2223.0,1855.0,99268,168803,2017.0,159,2018.0,162,2019.0,217,2020.0,72,2021.0,153,2022.0,49,2023.0,80,2024.0,144,2025.0,410,2026.0,256,2022.0
UR409,,13:44:36.0#,2023.0,2027.0,2007.0,2223.0,1855.0,99268,168803,2017.0,158,2018.0,162,2019.0,217,2020.0,72,2021.0,153,2022.0,49,2023.0,80,2024.0,144,2025.0,410,2026.0,256,2022.0
UR409,,13:44:36.250#,2023.0,2027.0,2007.0,2223.0,1855.0,99268,168803,2017.0,158,2018.0,162,2019.0,217,2020.0,73,2021.0,153,2022.0,49,2023.0,80,2024.0,144,2025.0,410,2026.0,256,2022.0
UR409,,13:44:36.500#,2023.0,2027.0,2007.0,2223.0,1855.0,99268,168803,2017.0,158,2018.0,162,2019.0,217,2020.0,73,2021.0,153,2022.0,55,2023.0,80,2024.0,144,2025.0,410,2026.0,256,2022.0
UR409,,13:44:37.500#,2023.0,2027.0,2007.0,2223.0,1855.0,99268,168803,2017.0,158,2018.0,162,2019.0,217,2020.0,73,2021.0,153,2022.0,55,2023.0,80,2024.0,144,2025.0,410,2026.0,256,2022.0
UR409,,13:44:37.750#,2023.0,2027.0,2007.0,2223.0,1855.0,99268,168803,2017.0,158,2018.0,162,2019.0,217,2020.0,73,2021.0,153,2022.0,56,2023.0,80,2024.0,144,2025.0,410,2026.0,256,2022.0
UR409,,13:44:38.0#,2023.0,2027.0,2007.0,2223.0,1855.0,99268,168803,2017.0,158,2018.0,162,2019.0,217,2020.0,73,2021.0,153,2022.0,59,2023.0,80,2024.0,144,2025.0,410,2026.0,256,2022.0
UR409,,13:44:38.250#,2023.0,2027.0,2007.0,2223.0,1855.0,99268,168803,2017.0,158,2018.0,162,2019.0,217,2020.0,73,2021.0,153,2022.0,60,2023.0,80,2024.0,144,2025.0,410,2026.0,256,2022.0
UR409,,13:44:38.500#,2023.0,2027.0,2007.0,2223.0,1855.0,99268,168803,2017.0,158,2018.0,162,2019.0,217,2020.0,73,2021.0,154,2022.0,60,2023.0,80,2024.0,144,2025.0,410,2026.0,256,2022.0
UR409,,13:44:40.500#,2023.0,2027.0,2007.0,2223.0,1855.0,99268,168803,2017.0,158,2018.0,162,2019.0,217,2020.0,73,2021.0,154,2022.0,67,2023.0,80,2024.0,144,2025.0,410,2026.0,256,2022.0
UR409,,13:44:43.250#,2023.0,2027.0,2007.0,2223.0,1855.0,99268,168803,2017.0,158,2018.0,162,2019.0,217,2020.0,73,2021.0,157,2022.0,67,2023.0,80,2024.0,144,2025.0,410,2026.0,256,2022.0
UR409,,13:44:44.250#,2023.0,2027.0,2007.0,2223.0,1855.0,99268,168803,2017.0,158,2018.0,162,2019.0,217,2020.0,73,2021.0,157,2022.0,69,2023.0,80,2024.0,144,2025.0,410,2026.0,256,2022.0
UR409,,13:44:45.500#,2023.0,2027.0,2007.0,2223.0,1855.0,99268,168803,2017.0,158,2018.0,162,2019.0,217,2020.0,73,2021.0,157,2022.0,69,2023.0,80,2024.0,144,2025.0,411,2026.0,256,2022.0
UR409,,13:44:46.0#,2023.0,2027.0,2007.0,2223.0,1855.0,99268,168803,2017.0,158,2018.0,162,2019.0,217,2020.0,73,2021.0,162,2022.0,69,2023.0,80,2024.0,144,2025.0,411,2026.0,256,2022.0
UR409,,13:44:46.250#,2023.0,2027.0,2007.0,2223.0,1855.0,99268,168803,2017.0,158,2018.0,162,2019.0,217,2020.0,73,2021.0,164,2022.0,68,2023.0,80,2024.0,144,2025.0,411,2026.0,256,2022.0
UR409,,13:44:46.500#,2023.0,2027.0,2007.0,2223.0,1855.0,99268,168803,2017.0,158,2018.0,162,2019.0,217,2020.0,73,2021.0,165,2022.0,64,2023.0,80,2024.0,144,2025.0,411,2026.0,256,2022.0
UR409,,13:44:47.750#,2023.0,2027.0,2007.0,2223.0,1855.0,99270,168803,2017.0,158,2018.0,162,2019.0,217,2020.0,73,2021.0,163,2022.0,64,2023.0,81,2024.0,144,2025.0,410,2026.0,256,2021.0
UR409,,13:44:48.0#,2023.0,2027.0,2007.0,2223.0,1855.0,99270,168803,2017.0,158,2018.0,162,2019.0,217,2020.0,73,2021.0,163,2022.0,84,2023.0,81,2024.0,144,2025.0,415,2026.0,256,2021.0
UR409,,13:44:48.250#,2023.0,2027.0,2007.0,2223.0,1855.0,99273,168800,2017.0,162,2018.0,162,2019.0,217,2020.0,73,2021.0,163,2022.0,83,2023.0,81,2024.0,144,2025.0,415,2026.0,256,2022.0
UR409,,13:44:48.500#,2023.0,2027.0,2007.0,2223.0,1855.0,99273,168800,2017.0,162,2018.0,162,2019.0,217,2020.0,73,2021.0,162,2022.0,83,2023.0,81,2024.0,144,2025.0,415,2026.0,256,2022.0
UR409,,13:44:48.750#,2023.0,2027.0,2007.0,2223.0,1855.0,99273,168800,2017.0,162,2018.0,162,2019.0,217,2020.0,73,2021.0,162,2022.0,83,2023.0,81,2024.0,144,2025.0,416,2026.0,256,2022.0
UR409,,13:44:49.500#,2023.0,2027.0,2007.0,2223.0,1855.0,99273,168800,2017.0,162,2018.0,162,2019.0,217,2020.0,73,2021.0,162,2022.0,83,2023.0,80,2024.0,144,2025.0,417,2026.0,256,2022.0
UR409,,13:44:50.500#,2023.0,2027.0,2007.0,2223.0,1855.0,99283,168790,2017.0,162,2018.0,162,2019.0,217,2020.0,73,2021.0,152,2022.0,110,2023.0,80,2024.0,144,2025.0,417,2026.0,256,2021.0
UR409,,13:44:50.750#,2023.0,2027.0,2007.0,2223.0,1855.0,99283,168790,2017.0,162,2018.0,162,2019.0,217,2020.0,73,2021.0,150,2022.0,110,2023.0,81,2024.0,144,2025.0,417,2026.0,256,2021.0
UR409,,13:44:51.250#,2023.0,2027.0,2007.0,2223.0,1855.0,99283,168790,2017.0,162,2018.0,162,2019.0,217,2020.0,73,2021.0,150,2022.0,110,2023.0,81,2024.0,144,2025.0,427,2026.0,256,2021.0
UR409,,13:44:51.500#,2023.0,2027.0,2007.0,2223.0,1855.0,99283,168790,2017.0,162,2018.0,162,2019.0,217,2020.0,73,2021.0,150,2022.0,110,2023.0,81,2024.0,144,2025.0,427,2026.0,256,2021.0
