InstrumentId,ExchangeId,Datetime,OpenPrice,HighestPrice,LowestPrice,UpperLimitPrice,LowerLimitPrice,Volume,OpenInterest,BidPrice5,BidVolume5,BidPrice4,BidVolume4,BidPrice3,BidVolume3,BidPrice2,BidVolume2,BidPrice1,BidVolume1,AskPrice1,AskVolume1,AskPrice2,AskVolume2,AskPrice3,AskVolume3,AskPrice4,AskVolume4,AskPrice5,AskVolume5,LastPrice
UR501,,13:38:36.250#,1963.0,1963.0,1946.0,2111.0,1833.0,16918,57796,1951.0,26,1952.0,23,1953.0,14,1954.0,17,1955.0,29,1956.0,82,1957.0,7,1958.0,12,1959.0,14,1960.0,62,1955.0
UR501,,13:38:43.500#,1963.0,1963.0,1946.0,2111.0,1833.0,16918,57796,1951.0,26,1952.0,23,1953.0,14,1954.0,16,1955.0,29,1956.0,82,1957.0,7,1958.0,12,1959.0,14,1960.0,62,1955.0
UR501,,13:38:46.0#,1963.0,1963.0,1946.0,2111.0,1833.0,16918,57796,1951.0,26,1952.0,23,1953.0,14,1954.0,16,1955.0,29,1956.0,82,1957.0,7,1958.0,12,1959.0,14,1960.0,62,1955.0
UR501,,13:38:48.250#,1963.0,1963.0,1946.0,2111.0,1833.0,16918,57796,1951.0,26,1952.0,23,1953.0,14,1954.0,16,1955.0,26,1956.0,82,1957.0,7,1958.0,12,1959.0,14,1960.0,62,1955.0
UR501,,13:38:51.0#,1963.0,1963.0,1946.0,2111.0,1833.0,16918,57796,1951.0,26,1952.0,23,1953.0,14,1954.0,16,1955.0,29,1956.0,82,1957.0,7,1958.0,12,1959.0,14,1960.0,62,1955.0
UR501,,13:38:51.250#,1963.0,1963.0,1946.0,2111.0,1833.0,16918,57796,1951.0,26,1952.0,23,1953.0,14,1954.0,16,1955.0,29,1956.0,82,1957.0,7,1958.0,12,1959.0,14,1960.0,62,1955.0
UR501,,13:38:54.250#,1963.0,1963.0,1946.0,2111.0,1833.0,16918,57796,1951.0,26,1952.0,23,1953.0,14,1954.0,16,1955.0,29,1956.0,82,1957.0,7,1958.0,12,1959.0,14,1960.0,62,1955.0
UR501,,13:38:55.0#,1963.0,1963.0,1946.0,2111.0,1833.0,16918,57796,1951.0,26,1952.0,23,1953.0,14,1954.0,16,1955.0,29,1956.0,82,1957.0,7,1958.0,12,1959.0,14,1960.0,62,1955.0
UR501,,13:39:03.0#,1963.0,1963.0,1946.0,2111.0,1833.0,16920,57798,1951.0,26,1952.0,23,1953.0,14,1954.0,16,1955.0,28,1956.0,82,1957.0,7,1958.0,12,1959.0,14,1960.0,62,1955.0
UR501,,13:39:04.250#,1963.0,1963.0,1946.0,2111.0,1833.0,16921,57797,1951.0,26,1952.0,23,1953.0,14,1954.0,16,1955.0,28,1956.0,160,1957.0,7,1958.0,12,1959.0,14,1960.0,62,1956.0
UR501,,13:39:06.250#,1963.0,1963.0,1946.0,2111.0,1833.0,16921,57797,1951.0,26,1952.0,23,1953.0,14,1954.0,16,1955.0,28,1956.0,91,1957.0,7,1958.0,12,1959.0,14,1960.0,62,1956.0
UR501,,13:39:13.500#,1963.0,1963.0,1946.0,2111.0,1833.0,16925,57797,1951.0,26,1952.0,23,1953.0,14,1954.0,16,1955.0,28,1956.0,87,1957.0,7,1958.0,12,1959.0,14,1960.0,62,1955.0
UR501,,13:39:15.500#,1963.0,1963.0,1946.0,2111.0,1833.0,16926,57797,1951.0,26,1952.0,23,1953.0,14,1954.0,16,1955.0,28,1956.0,86,1957.0,7,1958.0,12,1959.0,14,1960.0,62,1956.0
UR501,,13:39:18.250#,1963.0,1963.0,1946.0,2111.0,1833.0,16926,57797,1951.0,26,1952.0,23,1953.0,14,1954.0,16,1955.0,28,1956.0,86,1957.0,7,1958.0,12,1959.0,14,1960.0,62,1956.0
UR501,,13:39:20.0#,1963.0,1963.0,1946.0,2111.0,1833.0,16926,57797,1951.0,26,1952.0,23,1953.0,14,1954.0,16,1955.0,29,1956.0,86,1957.0,7,1958.0,12,1959.0,14,1960.0,62,1956.0
UR501,,13:39:20.750#,1963.0,1963.0,1946.0,2111.0,1833.0,16926,57797,1951.0,26,1952.0,23,1953.0,14,1954.0,16,1955.0,26,1956.0,86,1957.0,7,1958.0,12,1959.0,14,1960.0,62,1956.0
UR501,,13:39:22.250#,1963.0,1963.0,1946.0,2111.0,1833.0,16931,57802,1951.0,26,1952.0,23,1953.0,14,1954.0,16,1955.0,28,1956.0,86,1957.0,7,1958.0,12,1959.0,14,1960.0,62,1955.0
UR501,,13:39:23.750#,1963.0,1963.0,1946.0,2111.0,1833.0,16931,57802,1951.0,26,1952.0,23,1953.0,13,1954.0,16,1955.0,31,1956.0,86,1957.0,7,1958.0,12,1959.0,14,1960.0,62,1955.0
UR501,,13:39:24.0#,1963.0,1963.0,1946.0,2111.0,1833.0,16931,57802,1951.0,26,1952.0,23,1953.0,13,1954.0,16,1955.0,32,1956.0,86,1957.0,7,1958.0,12,1959.0,14,1960.0,62,1955.0
UR501,,13:39:34.250#,1963.0,1963.0,1946.0,2111.0,1833.0,16931,57802,1951.0,26,1952.0,23,1953.0,13,1954.0,16,1955.0,32,1956.0,163,1957.0,7,1958.0,12,1959.0,14,1960.0,62,1955.0
UR501,,13:39:35.750#,1963.0,1963.0,1946.0,2111.0,1833.0,16931,57802,1951.0,26,1952.0,23,1953.0,13,1954.0,16,1955.0,32,1956.0,163,1957.0,7,1958.0,12,1959.0,14,1960.0,62,1955.0
UR501,,13:39:36.250#,1963.0,1963.0,1946.0,2111.0,1833.0,16931,57802,1951.0,26,1952.0,23,1953.0,13,1954.0,16,1955.0,32,1956.0,84,1957.0,7,1958.0,12,1959.0,14,1960.0,62,1955.0
UR501,,13:39:37.750#,1963.0,1963.0,1946.0,2111.0,1833.0,16931,57802,1951.0,26,1952.0,23,1953.0,13,1954.0,16,1955.0,32,1956.0,84,1957.0,7,1958.0,12,1959.0,14,1960.0,62,1955.0
UR501,,13:39:38.250#,1963.0,1963.0,1946.0,2111.0,1833.0,16932,57802,1951.0,26,1952.0,23,1953.0,13,1954.0,16,1955.0,32,1956.0,83,1957.0,7,1958.0,12,1959.0,14,1960.0,62,1956.0
UR501,,13:39:43.250#,1963.0,1963.0,1946.0,2111.0,1833.0,16932,57802,1951.0,26,1952.0,23,1953.0,13,1954.0,16,1955.0,33,1956.0,83,1957.0,7,1958.0,12,1959.0,14,1960.0,62,1956.0
UR501,,13:39:47.500#,1963.0,1963.0,1946.0,2111.0,1833.0,16937,57804,1951.0,26,1952.0,23,1953.0,13,1954.0,16,1955.0,28,1956.0,78,1957.0,7,1958.0,12,1959.0,14,1960.0,62,1955.0
UR501,,13:39:47.750#,1963.0,1963.0,1946.0,2111.0,1833.0,16937,57804,1951.0,26,1952.0,23,1953.0,13,1954.0,16,1955.0,28,1956.0,95,1957.0,7,1958.0,12,1959.0,14,1960.0,62,1955.0
UR501,,13:39:50.0#,1963.0,1963.0,1946.0,2111.0,1833.0,16937,57804,1951.0,26,1952.0,23,1953.0,13,1954.0,16,1955.0,28,1956.0,95,1957.0,7,1958.0,22,1959.0,14,1960.0,62,1955.0
UR501,,13:39:50.500#,1963.0,1963.0,1946.0,2111.0,1833.0,16938,57805,1951.0,26,1952.0,23,1953.0,13,1954.0,16,1955.0,28,1956.0,94,1957.0,7,1958.0,22,1959.0,14,1960.0,62,1956.0
UR501,,13:40:04.250#,1963.0,1963.0,1946.0,2111.0,1833.0,16938,57805,1951.0,26,1952.0,23,1953.0,13,1954.0,16,1955.0,28,1956.0,181,1957.0,7,1958.0,22,1959.0,14,1960.0,62,1956.0
UR501,,13:40:04.500#,1963.0,1963.0,1946.0,2111.0,1833.0,16938,57805,1951.0,26,1952.0,23,1953.0,13,1954.0,16,1955.0,28,1956.0,187,1957.0,7,1958.0,22,1959.0,14,1960.0,62,1956.0
UR501,,13:40:06.0#,1963.0,1963.0,1946.0,2111.0,1833.0,16939,57805,1951.0,26,1952.0,23,1953.0,13,1954.0,16,1955.0,28,1956.0,186,1957.0,7,1958.0,22,1959.0,14,1960.0,62,1956.0
UR501,,13:40:06.250#,1963.0,1963.0,1946.0,2111.0,1833.0,16939,57805,1951.0,26,1952.0,23,1953.0,13,1954.0,16,1955.0,28,1956.0,110,1957.0,7,1958.0,22,1959.0,14,1960.0,62,1956.0
UR501,,13:40:11.500#,1963.0,1963.0,1946.0,2111.0,1833.0,16939,57805,1951.0,26,1952.0,23,1953.0,13,1954.0,16,1955.0,29,1956.0,110,1957.0,7,1958.0,22,1959.0,14,1960.0,62,1956.0
UR501,,13:40:13.0#,1963.0,1963.0,1946.0,2111.0,1833.0,16939,57805,1951.0,26,1952.0,23,1953.0,13,1954.0,16,1955.0,29,1956.0,110,1957.0,7,1958.0,22,1959.0,14,1960.0,62,1956.0
UR501,,13:40:23.0#,1963.0,1963.0,1946.0,2111.0,1833.0,16939,57805,1951.0,26,1952.0,23,1953.0,13,1954.0,15,1955.0,29,1956.0,110,1957.0,7,1958.0,22,1959.0,14,1960.0,62,1956.0
UR501,,13:40:26.500#,1963.0,1963.0,1946.0,2111.0,1833.0,16939,57805,1951.0,26,1952.0,23,1953.0,13,1954.0,15,1955.0,29,1956.0,110,1957.0,7,1958.0,22,1959.0,14,1960.0,62,1956.0
UR501,,13:40:30.250#,1963.0,1963.0,1946.0,2111.0,1833.0,16939,57805,1951.0,26,1952.0,23,1953.0,13,1954.0,15,1955.0,29,1956.0,110,1957.0,7,1958.0,22,1959.0,14,1960.0,62,1956.0
UR501,,13:40:30.500#,1963.0,1963.0,1946.0,2111.0,1833.0,16939,57805,1951.0,26,1952.0,23,1953.0,13,1954.0,15,1955.0,49,1956.0,110,1957.0,7,1958.0,22,1959.0,14,1960.0,62,1956.0
UR501,,13:40:34.250#,1963.0,1963.0,1946.0,2111.0,1833.0,16939,57805,1951.0,26,1952.0,23,1953.0,13,1954.0,15,1955.0,49,1956.0,194,1957.0,7,1958.0,22,1959.0,14,1960.0,62,1956.0
UR501,,13:40:36.250#,1963.0,1963.0,1946.0,2111.0,1833.0,16939,57805,1951.0,26,1952.0,23,1953.0,13,1954.0,15,1955.0,49,1956.0,107,1957.0,7,1958.0,22,1959.0,14,1960.0,62,1956.0
UR501,,13:40:38.750#,1963.0,1963.0,1946.0,2111.0,1833.0,16939,57805,1951.0,26,1952.0,23,1953.0,13,1954.0,15,1955.0,49,1956.0,107,1957.0,7,1958.0,22,1959.0,14,1960.0,62,1956.0
UR501,,13:40:46.750#,1963.0,1963.0,1946.0,2111.0,1833.0,16939,57805,1951.0,27,1952.0,23,1953.0,13,1954.0,15,1955.0,49,1956.0,107,1957.0,7,1958.0,22,1959.0,14,1960.0,62,1956.0
UR501,,13:40:47.500#,1963.0,1963.0,1946.0,2111.0,1833.0,16939,57805,1951.0,27,1952.0,23,1953.0,13,1954.0,15,1955.0,50,1956.0,107,1957.0,7,1958.0,22,1959.0,14,1960.0,62,1956.0
UR501,,13:40:50.500#,1963.0,1963.0,1946.0,2111.0,1833.0,16939,57805,1951.0,27,1952.0,23,1953.0,13,1954.0,15,1955.0,51,1956.0,107,1957.0,7,1958.0,22,1959.0,14,1960.0,62,1956.0
UR501,,13:40:55.750#,1963.0,1963.0,1946.0,2111.0,1833.0,16939,57805,1951.0,27,1952.0,23,1953.0,13,1954.0,15,1955.0,50,1956.0,107,1957.0,7,1958.0,22,1959.0,14,1960.0,62,1956.0
UR501,,13:41:04.500#,1963.0,1963.0,1946.0,2111.0,1833.0,16939,57805,1951.0,27,1952.0,23,1953.0,13,1954.0,15,1955.0,50,1956.0,202,1957.0,7,1958.0,22,1959.0,14,1960.0,62,1956.0
UR501,,13:41:13.500#,1963.0,1963.0,1946.0,2111.0,1833.0,16939,57805,1951.0,27,1952.0,23,1953.0,13,1954.0,15,1955.0,50,1956.0,118,1957.0,7,1958.0,22,1959.0,14,1960.0,62,1956.0
UR501,,13:41:22.0#,1963.0,1963.0,1946.0,2111.0,1833.0,16949,57805,1951.0,27,1952.0,23,1953.0,13,1954.0,16,1955.0,50,1956.0,118,1957.0,7,1958.0,22,1959.0,14,1960.0,62,1955.0
UR501,,13:41:34.500#,1963.0,1963.0,1946.0,2111.0,1833.0,16950,57805,1951.0,27,1952.0,23,1953.0,13,1954.0,16,1955.0,49,1956.0,209,1957.0,7,1958.0,22,1959.0,14,1960.0,62,1956.0
UR501,,13:41:36.500#,1963.0,1963.0,1946.0,2111.0,1833.0,16950,57805,1951.0,27,1952.0,23,1953.0,13,1954.0,16,1955.0,49,1956.0,114,1957.0,7,1958.0,22,1959.0,14,1960.0,62,1956.0
UR501,,13:41:55.0#,1963.0,1963.0,1946.0,2111.0,1833.0,16968,57792,1951.0,27,1952.0,23,1953.0,13,1954.0,16,1955.0,48,1956.0,97,1957.0,7,1958.0,22,1959.0,14,1960.0,62,1956.0
UR501,,13:42:04.750#,1963.0,1963.0,1946.0,2111.0,1833.0,16970,57792,1951.0,27,1952.0,23,1953.0,13,1954.0,16,1955.0,46,1956.0,95,1957.0,7,1958.0,22,1959.0,14,1960.0,62,1956.0
UR501,,13:42:06.500#,1963.0,1963.0,1946.0,2111.0,1833.0,16970,57792,1951.0,27,1952.0,23,1953.0,13,1954.0,16,1955.0,46,1956.0,3,1957.0,7,1958.0,22,1959.0,14,1960.0,62,1956.0
UR501,,13:42:09.0#,1963.0,1963.0,1946.0,2111.0,1833.0,16970,57792,1951.0,27,1952.0,23,1953.0,13,1954.0,16,1955.0,48,1956.0,6,1957.0,7,1958.0,22,1959.0,14,1960.0,62,1956.0
UR501,,13:42:09.250#,1963.0,1963.0,1946.0,2111.0,1833.0,16970,57792,1951.0,27,1952.0,23,1953.0,13,1954.0,16,1955.0,48,1956.0,10,1957.0,7,1958.0,22,1959.0,14,1960.0,62,1956.0
UR501,,13:42:26.0#,1963.0,1963.0,1946.0,2111.0,1833.0,16972,57792,1951.0,26,1952.0,23,1953.0,13,1954.0,17,1955.0,50,1956.0,4,1957.0,7,1958.0,22,1959.0,14,1960.0,62,1956.0
UR501,,13:42:42.750#,1963.0,1963.0,1946.0,2111.0,1833.0,16973,57793,1951.0,26,1952.0,23,1953.0,13,1954.0,15,1955.0,51,1956.0,9,1957.0,7,1958.0,22,1959.0,14,1960.0,67,1955.0
UR501,,13:42:48.500#,1963.0,1963.0,1946.0,2111.0,1833.0,16973,57793,1951.0,26,1952.0,23,1953.0,13,1954.0,15,1955.0,51,1956.0,9,1957.0,7,1958.0,22,1959.0,14,1960.0,67,1955.0
UR501,,13:42:52.250#,1963.0,1963.0,1946.0,2111.0,1833.0,16974,57793,1951.0,26,1952.0,23,1953.0,13,1954.0,15,1955.0,51,1956.0,8,1957.0,7,1958.0,22,1959.0,14,1960.0,67,1956.0
UR501,,13:42:52.500#,1963.0,1963.0,1946.0,2111.0,1833.0,16974,57793,1951.0,26,1952.0,23,1953.0,13,1954.0,15,1955.0,51,1956.0,10,1957.0,7,1958.0,22,1959.0,14,1960.0,67,1956.0
UR501,,13:43:01.750#,1963.0,1963.0,1946.0,2111.0,1833.0,16974,57793,1951.0,26,1952.0,23,1953.0,13,1954.0,15,1955.0,51,1956.0,15,1957.0,7,1958.0,22,1959.0,14,1960.0,67,1956.0
UR501,,13:43:02.0#,1963.0,1963.0,1946.0,2111.0,1833.0,16974,57793,1951.0,26,1952.0,23,1953.0,13,1954.0,15,1955.0,54,1956.0,25,1957.0,7,1958.0,22,1959.0,14,1960.0,67,1956.0
UR501,,13:43:02.500#,1963.0,1963.0,1946.0,2111.0,1833.0,16975,57793,1951.0,26,1952.0,23,1953.0,13,1954.0,15,1955.0,47,1956.0,24,1957.0,7,1958.0,22,1959.0,14,1960.0,67,1956.0
UR501,,13:43:02.750#,1963.0,1963.0,1946.0,2111.0,1833.0,16975,57793,1951.0,26,1952.0,23,1953.0,13,1954.0,15,1955.0,47,1956.0,24,1957.0,7,1958.0,22,1959.0,14,1960.0,67,1956.0
UR501,,13:43:05.0#,1963.0,1963.0,1946.0,2111.0,1833.0,16975,57793,1951.0,26,1952.0,23,1953.0,13,1954.0,15,1955.0,50,1956.0,7,1957.0,7,1958.0,22,1959.0,14,1960.0,67,1956.0
UR501,,13:43:05.250#,1963.0,1963.0,1946.0,2111.0,1833.0,16975,57793,1951.0,26,1952.0,23,1953.0,13,1954.0,15,1955.0,50,1956.0,8,1957.0,7,1958.0,22,1959.0,14,1960.0,67,1956.0
UR501,,13:43:05.500#,1963.0,1963.0,1946.0,2111.0,1833.0,16975,57793,1951.0,26,1952.0,23,1953.0,13,1954.0,15,1955.0,50,1956.0,7,1957.0,7,1958.0,22,1959.0,14,1960.0,67,1956.0
UR501,,13:43:07.0#,1963.0,1963.0,1946.0,2111.0,1833.0,16975,57793,1951.0,26,1952.0,23,1953.0,13,1954.0,15,1955.0,51,1956.0,9,1957.0,7,1958.0,22,1959.0,14,1960.0,67,1956.0
UR501,,13:43:08.250#,1963.0,1963.0,1946.0,2111.0,1833.0,16975,57793,1951.0,26,1952.0,23,1953.0,13,1954.0,15,1955.0,52,1956.0,9,1957.0,7,1958.0,22,1959.0,14,1960.0,67,1956.0
UR501,,13:43:08.500#,1963.0,1963.0,1946.0,2111.0,1833.0,16975,57793,1951.0,26,1952.0,23,1953.0,13,1954.0,15,1955.0,52,1956.0,7,1957.0,7,1958.0,22,1959.0,14,1960.0,67,1956.0
UR501,,13:43:12.500#,1963.0,1963.0,1946.0,2111.0,1833.0,16975,57793,1951.0,26,1952.0,23,1953.0,13,1954.0,15,1955.0,52,1956.0,8,1957.0,7,1958.0,22,1959.0,14,1960.0,67,1956.0
UR501,,13:43:14.750#,1963.0,1963.0,1946.0,2111.0,1833.0,16975,57793,1951.0,26,1952.0,23,1953.0,13,1954.0,16,1955.0,52,1956.0,8,1957.0,7,1958.0,22,1959.0,14,1960.0,67,1956.0
UR501,,13:43:15.0#,1963.0,1963.0,1946.0,2111.0,1833.0,16975,57793,1951.0,26,1952.0,23,1953.0,13,1954.0,16,1955.0,62,1956.0,8,1957.0,7,1958.0,22,1959.0,14,1960.0,67,1956.0
UR501,,13:43:15.250#,1963.0,1963.0,1946.0,2111.0,1833.0,16983,57786,1952.0,23,1953.0,13,1954.0,16,1955.0,53,1956.0,20,1957.0,8,1958.0,22,1959.0,14,1960.0,67,1961.0,17,1956.0
UR501,,13:43:15.500#,1963.0,1963.0,1946.0,2111.0,1833.0,16983,57786,1952.0,23,1953.0,13,1954.0,16,1955.0,53,1956.0,13,1957.0,7,1958.0,22,1959.0,14,1960.0,67,1961.0,17,1956.0
UR501,,13:43:15.750#,1963.0,1963.0,1946.0,2111.0,1833.0,16983,57786,1952.0,23,1953.0,13,1954.0,16,1955.0,53,1956.0,20,1957.0,7,1958.0,22,1959.0,14,1960.0,67,1961.0,17,1956.0
UR501,,13:43:16.0#,1963.0,1963.0,1946.0,2111.0,1833.0,16983,57786,1952.0,23,1953.0,13,1954.0,16,1955.0,52,1956.0,20,1957.0,7,1958.0,22,1959.0,14,1960.0,67,1961.0,17,1956.0
UR501,,13:43:16.500#,1963.0,1963.0,1946.0,2111.0,1833.0,16983,57786,1952.0,23,1953.0,13,1954.0,16,1955.0,52,1956.0,20,1957.0,12,1958.0,22,1959.0,14,1960.0,67,1961.0,17,1956.0
UR501,,13:43:16.750#,1963.0,1963.0,1946.0,2111.0,1833.0,16983,57786,1952.0,23,1953.0,13,1954.0,16,1955.0,52,1956.0,15,1957.0,12,1958.0,22,1959.0,14,1960.0,67,1961.0,17,1956.0
UR501,,13:43:17.0#,1963.0,1963.0,1946.0,2111.0,1833.0,16983,57786,1952.0,23,1953.0,13,1954.0,16,1955.0,52,1956.0,19,1957.0,12,1958.0,22,1959.0,14,1960.0,67,1961.0,17,1956.0
UR501,,13:43:20.250#,1963.0,1963.0,1946.0,2111.0,1833.0,16983,57786,1952.0,23,1953.0,13,1954.0,16,1955.0,52,1956.0,20,1957.0,18,1958.0,22,1959.0,14,1960.0,67,1961.0,17,1956.0
UR501,,13:43:20.500#,1963.0,1963.0,1946.0,2111.0,1833.0,16983,57786,1952.0,23,1953.0,13,1954.0,16,1955.0,52,1956.0,16,1957.0,18,1958.0,22,1959.0,14,1960.0,67,1961.0,17,1956.0
UR501,,13:43:21.750#,1963.0,1963.0,1946.0,2111.0,1833.0,16983,57786,1952.0,23,1953.0,13,1954.0,16,1955.0,52,1956.0,16,1957.0,18,1958.0,22,1959.0,14,1960.0,67,1961.0,17,1956.0
UR501,,13:43:22.750#,1963.0,1963.0,1946.0,2111.0,1833.0,16983,57786,1952.0,23,1953.0,13,1954.0,16,1955.0,52,1956.0,16,1957.0,21,1958.0,22,1959.0,11,1960.0,67,1961.0,17,1956.0
UR501,,13:43:23.0#,1963.0,1963.0,1946.0,2111.0,1833.0,16983,57786,1952.0,23,1953.0,13,1954.0,16,1955.0,52,1956.0,21,1957.0,21,1958.0,22,1959.0,11,1960.0,67,1961.0,17,1956.0
UR501,,13:43:23.250#,1963.0,1963.0,1946.0,2111.0,1833.0,16983,57786,1952.0,23,1953.0,13,1954.0,16,1955.0,52,1956.0,25,1957.0,21,1958.0,22,1959.0,11,1960.0,67,1961.0,17,1956.0
UR501,,13:43:25.500#,1963.0,1963.0,1946.0,2111.0,1833.0,16983,57786,1952.0,23,1953.0,13,1954.0,16,1955.0,52,1956.0,25,1957.0,21,1958.0,18,1959.0,11,1960.0,67,1961.0,17,1956.0
UR501,,13:43:26.750#,1963.0,1963.0,1946.0,2111.0,1833.0,16983,57786,1952.0,23,1953.0,13,1954.0,16,1955.0,52,1956.0,25,1957.0,15,1958.0,18,1959.0,11,1960.0,67,1961.0,17,1956.0
UR501,,13:43:40.500#,1963.0,1963.0,1946.0,2111.0,1833.0,16983,57786,1952.0,23,1953.0,13,1954.0,16,1955.0,52,1956.0,26,1957.0,15,1958.0,18,1959.0,11,1960.0,67,1961.0,17,1956.0
UR501,,13:43:41.500#,1963.0,1963.0,1946.0,2111.0,1833.0,17003,57802,1952.0,23,1953.0,13,1954.0,16,1955.0,49,1956.0,13,1957.0,16,1958.0,18,1959.0,11,1960.0,67,1961.0,17,1956.0
UR501,,13:43:41.750#,1963.0,1963.0,1946.0,2111.0,1833.0,17003,57802,1952.0,23,1953.0,13,1954.0,16,1955.0,49,1956.0,14,1957.0,19,1958.0,18,1959.0,11,1960.0,67,1961.0,17,1956.0
UR501,,13:43:42.0#,1963.0,1963.0,1946.0,2111.0,1833.0,17003,57802,1952.0,23,1953.0,13,1954.0,16,1955.0,49,1956.0,15,1957.0,19,1958.0,18,1959.0,11,1960.0,67,1961.0,17,1956.0
UR501,,13:43:42.250#,1963.0,1963.0,1946.0,2111.0,1833.0,17004,57802,1952.0,23,1953.0,13,1954.0,16,1955.0,49,1956.0,15,1957.0,18,1958.0,18,1959.0,11,1960.0,67,1961.0,17,1957.0
UR501,,13:43:42.500#,1963.0,1963.0,1946.0,2111.0,1833.0,17004,57802,1952.0,23,1953.0,13,1954.0,16,1955.0,49,1956.0,15,1957.0,15,1958.0,18,1959.0,11,1960.0,67,1961.0,17,1957.0
UR501,,13:43:42.750#,1963.0,1963.0,1946.0,2111.0,1833.0,17006,57802,1952.0,23,1953.0,13,1954.0,16,1955.0,49,1956.0,13,1957.0,16,1958.0,18,1959.0,11,1960.0,67,1961.0,17,1956.0
UR501,,13:43:43.0#,1963.0,1963.0,1946.0,2111.0,1833.0,17006,57802,1952.0,23,1953.0,13,1954.0,16,1955.0,49,1956.0,13,1957.0,19,1958.0,18,1959.0,11,1960.0,67,1961.0,17,1956.0
UR501,,13:43:51.250#,1963.0,1963.0,1946.0,2111.0,1833.0,17006,57802,1952.0,23,1953.0,13,1954.0,16,1955.0,49,1956.0,16,1957.0,19,1958.0,18,1959.0,11,1960.0,67,1961.0,17,1956.0
UR501,,13:43:51.500#,1963.0,1963.0,1946.0,2111.0,1833.0,17006,57802,1952.0,23,1953.0,13,1954.0,16,1955.0,49,1956.0,28,1957.0,14,1958.0,18,1959.0,11,1960.0,67,1961.0,17,1956.0
UR501,,13:43:51.750#,1963.0,1963.0,1946.0,2111.0,1833.0,17006,57802,1952.0,23,1953.0,13,1954.0,16,1955.0,49,1956.0,28,1957.0,11,1958.0,18,1959.0,11,1960.0,67,1961.0,17,1956.0
UR501,,13:43:52.0#,1963.0,1963.0,1946.0,2111.0,1833.0,17006,57802,1952.0,23,1953.0,13,1954.0,16,1955.0,45,1956.0,29,1957.0,11,1958.0,18,1959.0,11,1960.0,67,1961.0,17,1956.0
UR501,,13:43:57.0#,1963.0,1963.0,1946.0,2111.0,1833.0,17006,57802,1952.0,23,1953.0,13,1954.0,16,1955.0,45,1956.0,22,1957.0,11,1958.0,18,1959.0,11,1960.0,67,1961.0,17,1956.0
UR501,,13:43:58.250#,1963.0,1963.0,1946.0,2111.0,1833.0,17006,57802,1952.0,23,1953.0,13,1954.0,16,1955.0,45,1956.0,21,1957.0,11,1958.0,18,1959.0,11,1960.0,67,1961.0,17,1956.0
UR501,,13:43:58.500#,1963.0,1963.0,1946.0,2111.0,1833.0,17006,57802,1952.0,24,1953.0,13,1954.0,16,1955.0,45,1956.0,21,1957.0,11,1958.0,18,1959.0,11,1960.0,67,1961.0,17,1956.0
UR501,,13:43:59.0#,1963.0,1963.0,1946.0,2111.0,1833.0,17006,57802,1952.0,24,1953.0,13,1954.0,16,1955.0,45,1956.0,21,1957.0,12,1958.0,18,1959.0,11,1960.0,67,1961.0,17,1956.0
UR501,,13:44:00.250#,1963.0,1963.0,1946.0,2111.0,1833.0,17006,57802,1952.0,24,1953.0,13,1954.0,16,1955.0,45,1956.0,21,1957.0,12,1958.0,18,1959.0,11,1960.0,67,1961.0,17,1956.0
UR501,,13:44:00.500#,1963.0,1963.0,1946.0,2111.0,1833.0,17006,57802,1952.0,24,1953.0,13,1954.0,16,1955.0,45,1956.0,22,1957.0,12,1958.0,18,1959.0,11,1960.0,67,1961.0,17,1956.0
UR501,,13:44:01.0#,1963.0,1963.0,1946.0,2111.0,1833.0,17018,57792,1952.0,24,1953.0,13,1954.0,16,1955.0,45,1956.0,23,1958.0,23,1959.0,11,1960.0,67,1961.0,17,1962.0,11,1957.0
UR501,,13:44:01.500#,1963.0,1963.0,1946.0,2111.0,1833.0,17018,57792,1952.0,24,1953.0,13,1954.0,16,1955.0,45,1956.0,32,1958.0,23,1959.0,11,1960.0,67,1961.0,17,1962.0,11,1957.0
UR501,,13:44:05.0#,1963.0,1963.0,1946.0,2111.0,1833.0,17018,57792,1952.0,24,1953.0,13,1954.0,16,1955.0,42,1956.0,34,1958.0,26,1959.0,11,1960.0,67,1961.0,17,1962.0,11,1957.0
UR501,,13:44:06.250#,1963.0,1963.0,1946.0,2111.0,1833.0,17018,57792,1952.0,24,1953.0,13,1954.0,16,1955.0,42,1956.0,34,1958.0,26,1959.0,11,1960.0,67,1961.0,17,1962.0,11,1957.0
UR501,,13:44:10.250#,1963.0,1963.0,1946.0,2111.0,1833.0,17018,57792,1953.0,13,1954.0,16,1955.0,42,1956.0,24,1957.0,6,1958.0,26,1959.0,11,1960.0,67,1961.0,17,1962.0,11,1957.0
UR501,,13:44:10.500#,1963.0,1963.0,1946.0,2111.0,1833.0,17026,57794,1953.0,13,1954.0,16,1955.0,46,1956.0,24,1957.0,8,1958.0,12,1959.0,11,1960.0,67,1961.0,17,1962.0,11,1958.0
UR501,,13:44:11.0#,1963.0,1963.0,1946.0,2111.0,1833.0,17032,57790,1953.0,13,1954.0,16,1955.0,46,1956.0,24,1957.0,15,1958.0,7,1959.0,11,1960.0,67,1961.0,17,1962.0,11,1957.0
UR501,,13:44:11.500#,1963.0,1963.0,1946.0,2111.0,1833.0,17032,57790,1954.0,16,1955.0,46,1956.0,24,1957.0,13,1958.0,1,1959.0,40,1960.0,67,1961.0,18,1962.0,11,1963.0,73,1957.0
UR501,,13:44:11.750#,1963.0,1963.0,1946.0,2111.0,1833.0,17032,57790,1953.0,12,1954.0,16,1955.0,46,1956.0,22,1957.0,21,1959.0,40,1960.0,63,1961.0,18,1962.0,11,1963.0,73,1957.0
UR501,,13:44:12.0#,1963.0,1963.0,1946.0,2111.0,1833.0,17032,57790,1954.0,16,1955.0,46,1956.0,22,1957.0,15,1958.0,1,1959.0,40,1960.0,63,1961.0,18,1962.0,11,1963.0,73,1957.0
UR501,,13:44:12.250#,1963.0,1963.0,1946.0,2111.0,1833.0,17032,57790,1953.0,12,1954.0,16,1955.0,46,1956.0,22,1957.0,21,1959.0,120,1960.0,63,1961.0,18,1962.0,11,1963.0,73,1957.0
UR501,,13:44:12.500#,1963.0,1963.0,1946.0,2111.0,1833.0,17032,57790,1954.0,16,1955.0,46,1956.0,22,1957.0,16,1958.0,1,1959.0,120,1960.0,63,1961.0,18,1962.0,11,1963.0,73,1957.0
UR501,,13:44:12.750#,1963.0,1963.0,1946.0,2111.0,1833.0,17072,57765,1953.0,12,1954.0,16,1955.0,47,1956.0,22,1957.0,22,1959.0,80,1960.0,63,1961.0,18,1962.0,11,1963.0,73,1959.0
UR501,,13:44:13.0#,1963.0,1963.0,1946.0,2111.0,1833.0,17072,57765,1953.0,12,1954.0,16,1955.0,47,1956.0,22,1957.0,26,1958.0,6,1959.0,1,1960.0,63,1961.0,18,1962.0,11,1959.0
UR501,,13:44:13.250#,1963.0,1963.0,1946.0,2111.0,1833.0,17072,57765,1953.0,12,1954.0,16,1955.0,47,1956.0,22,1957.0,26,1959.0,81,1960.0,63,1961.0,18,1962.0,11,1963.0,73,1959.0
UR501,,13:44:13.500#,1963.0,1963.0,1946.0,2111.0,1833.0,17072,57765,1953.0,12,1954.0,16,1955.0,47,1956.0,22,1957.0,26,1959.0,82,1960.0,63,1961.0,18,1962.0,11,1963.0,73,1959.0
UR501,,13:44:13.750#,1963.0,1963.0,1946.0,2111.0,1833.0,17072,57765,1953.0,12,1954.0,16,1955.0,47,1956.0,22,1957.0,26,1959.0,81,1960.0,63,1961.0,18,1962.0,11,1963.0,73,1959.0
UR501,,13:44:14.0#,1963.0,1963.0,1946.0,2111.0,1833.0,17072,57765,1953.0,12,1954.0,16,1955.0,47,1956.0,22,1957.0,26,1959.0,82,1960.0,63,1961.0,18,1962.0,11,1963.0,73,1959.0
UR501,,13:44:14.250#,1963.0,1963.0,1946.0,2111.0,1833.0,17072,57765,1953.0,12,1954.0,16,1955.0,47,1956.0,22,1957.0,26,1959.0,81,1960.0,63,1961.0,18,1962.0,11,1963.0,73,1959.0
UR501,,13:44:14.500#,1963.0,1963.0,1946.0,2111.0,1833.0,17072,57765,1953.0,12,1954.0,16,1955.0,47,1956.0,22,1957.0,26,1959.0,81,1960.0,63,1961.0,18,1962.0,11,1963.0,73,1959.0
UR501,,13:44:15.0#,1963.0,1963.0,1946.0,2111.0,1833.0,17072,57765,1953.0,12,1954.0,16,1955.0,47,1956.0,22,1957.0,26,1959.0,82,1960.0,63,1961.0,18,1962.0,11,1963.0,73,1959.0
UR501,,13:44:15.500#,1963.0,1963.0,1946.0,2111.0,1833.0,17073,57765,1953.0,12,1954.0,16,1955.0,47,1956.0,22,1957.0,26,1959.0,81,1960.0,63,1961.0,18,1962.0,11,1963.0,73,1959.0
UR501,,13:44:15.750#,1963.0,1963.0,1946.0,2111.0,1833.0,17073,57765,1953.0,12,1954.0,16,1955.0,47,1956.0,23,1957.0,26,1959.0,81,1960.0,63,1961.0,18,1962.0,11,1963.0,73,1959.0
UR501,,13:44:16.750#,1963.0,1963.0,1946.0,2111.0,1833.0,17073,57765,1953.0,12,1954.0,16,1955.0,47,1956.0,23,1957.0,26,1958.0,8,1959.0,2,1960.0,63,1961.0,18,1962.0,11,1959.0
UR501,,13:44:17.0#,1963.0,1963.0,1946.0,2111.0,1833.0,17073,57765,1953.0,12,1954.0,16,1955.0,47,1956.0,24,1957.0,26,1959.0,81,1960.0,63,1961.0,18,1962.0,11,1963.0,73,1959.0
UR501,,13:44:17.250#,1963.0,1963.0,1946.0,2111.0,1833.0,17073,57765,1953.0,12,1954.0,16,1955.0,47,1956.0,24,1957.0,26,1958.0,13,1959.0,6,1960.0,63,1961.0,18,1962.0,11,1959.0
UR501,,13:44:17.500#,1963.0,1963.0,1946.0,2111.0,1833.0,17073,57765,1953.0,12,1954.0,16,1955.0,47,1956.0,24,1957.0,26,1958.0,6,1959.0,6,1960.0,63,1961.0,18,1962.0,11,1959.0
UR501,,13:44:17.750#,1963.0,1963.0,1946.0,2111.0,1833.0,17074,57766,1953.0,12,1954.0,16,1955.0,47,1956.0,24,1957.0,26,1958.0,4,1959.0,6,1960.0,63,1961.0,18,1962.0,11,1959.0
UR501,,13:44:18.0#,1963.0,1963.0,1946.0,2111.0,1833.0,17074,57766,1953.0,12,1954.0,16,1955.0,47,1956.0,24,1957.0,26,1959.0,87,1960.0,63,1961.0,18,1962.0,11,1963.0,73,1959.0
UR501,,13:44:19.0#,1963.0,1963.0,1946.0,2111.0,1833.0,17074,57766,1953.0,12,1954.0,16,1955.0,47,1956.0,24,1957.0,26,1959.0,83,1960.0,63,1961.0,18,1962.0,11,1963.0,73,1959.0
UR501,,13:44:19.500#,1963.0,1963.0,1946.0,2111.0,1833.0,17074,57766,1953.0,12,1954.0,16,1955.0,47,1956.0,24,1957.0,26,1959.0,76,1960.0,63,1961.0,18,1962.0,11,1963.0,73,1959.0
UR501,,13:44:19.750#,1963.0,1963.0,1946.0,2111.0,1833.0,17074,57766,1953.0,12,1954.0,16,1955.0,47,1956.0,24,1957.0,26,1959.0,75,1960.0,63,1961.0,18,1962.0,11,1963.0,73,1959.0
UR501,,13:44:20.500#,1963.0,1963.0,1946.0,2111.0,1833.0,17074,57766,1953.0,12,1954.0,16,1955.0,51,1956.0,24,1957.0,26,1959.0,75,1960.0,63,1961.0,18,1962.0,11,1963.0,73,1959.0
UR501,,13:44:20.750#,1963.0,1963.0,1946.0,2111.0,1833.0,17074,57766,1953.0,12,1954.0,16,1955.0,51,1956.0,24,1957.0,26,1959.0,76,1960.0,63,1961.0,18,1962.0,11,1963.0,73,1959.0
UR501,,13:44:21.0#,1963.0,1963.0,1946.0,2111.0,1833.0,17074,57766,1953.0,12,1954.0,16,1955.0,51,1956.0,24,1957.0,26,1958.0,1,1959.0,8,1960.0,63,1961.0,18,1962.0,11,1959.0
UR501,,13:44:21.250#,1963.0,1963.0,1946.0,2111.0,1833.0,17074,57766,1953.0,12,1954.0,16,1955.0,51,1956.0,24,1957.0,26,1959.0,85,1960.0,63,1961.0,18,1962.0,11,1963.0,73,1959.0
UR501,,13:44:21.500#,1963.0,1963.0,1946.0,2111.0,1833.0,17074,57766,1953.0,12,1954.0,16,1955.0,51,1956.0,24,1957.0,26,1958.0,1,1959.0,8,1960.0,63,1961.0,18,1962.0,11,1959.0
UR501,,13:44:21.750#,1963.0,1963.0,1946.0,2111.0,1833.0,17074,57766,1953.0,12,1954.0,16,1955.0,51,1956.0,24,1957.0,26,1959.0,87,1960.0,63,1961.0,18,1962.0,11,1963.0,73,1959.0
UR501,,13:44:22.0#,1963.0,1963.0,1946.0,2111.0,1833.0,17074,57766,1953.0,12,1954.0,16,1955.0,51,1956.0,24,1957.0,26,1958.0,1,1959.0,8,1960.0,63,1961.0,18,1962.0,11,1959.0
UR501,,13:44:22.250#,1963.0,1963.0,1946.0,2111.0,1833.0,17074,57766,1953.0,12,1954.0,16,1955.0,51,1956.0,24,1957.0,26,1959.0,87,1960.0,63,1961.0,18,1962.0,11,1963.0,73,1959.0
UR501,,13:44:22.500#,1963.0,1963.0,1946.0,2111.0,1833.0,17074,57766,1953.0,12,1954.0,16,1955.0,51,1956.0,24,1957.0,26,1958.0,1,1959.0,8,1960.0,63,1961.0,18,1962.0,11,1959.0
UR501,,13:44:22.750#,1963.0,1963.0,1946.0,2111.0,1833.0,17074,57766,1953.0,12,1954.0,16,1955.0,51,1956.0,24,1957.0,26,1959.0,80,1960.0,63,1961.0,18,1962.0,11,1963.0,73,1959.0
UR501,,13:44:23.0#,1963.0,1963.0,1946.0,2111.0,1833.0,17075,57767,1954.0,16,1955.0,51,1956.0,24,1957.0,16,1958.0,4,1959.0,75,1960.0,63,1961.0,18,1962.0,11,1963.0,73,1958.0
UR501,,13:44:23.750#,1963.0,1963.0,1946.0,2111.0,1833.0,17075,57767,1954.0,17,1955.0,51,1956.0,24,1957.0,16,1958.0,4,1959.0,73,1960.0,63,1961.0,18,1962.0,11,1963.0,73,1958.0
UR501,,13:44:24.750#,1963.0,1963.0,1946.0,2111.0,1833.0,17075,57767,1954.0,17,1955.0,51,1956.0,24,1957.0,16,1958.0,4,1959.0,73,1960.0,63,1961.0,18,1962.0,11,1963.0,73,1958.0
UR501,,13:44:25.0#,1963.0,1963.0,1946.0,2111.0,1833.0,17075,57767,1954.0,17,1955.0,51,1956.0,24,1957.0,16,1958.0,5,1959.0,73,1960.0,63,1961.0,18,1962.0,11,1963.0,73,1958.0
UR501,,13:44:25.500#,1963.0,1963.0,1946.0,2111.0,1833.0,17075,57767,1954.0,17,1955.0,51,1956.0,24,1957.0,16,1958.0,5,1959.0,68,1960.0,63,1961.0,18,1962.0,11,1963.0,73,1958.0
UR501,,13:44:25.750#,1963.0,1963.0,1946.0,2111.0,1833.0,17075,57767,1954.0,17,1955.0,51,1956.0,24,1957.0,16,1958.0,10,1959.0,68,1960.0,63,1961.0,18,1962.0,11,1963.0,73,1958.0
UR501,,13:44:26.0#,1963.0,1963.0,1946.0,2111.0,1833.0,17075,57767,1954.0,17,1955.0,51,1956.0,24,1957.0,16,1958.0,10,1959.0,66,1960.0,63,1961.0,18,1962.0,11,1963.0,73,1958.0
UR501,,13:44:26.250#,1963.0,1963.0,1946.0,2111.0,1833.0,17075,57767,1954.0,17,1955.0,51,1956.0,24,1957.0,16,1958.0,10,1959.0,65,1960.0,63,1961.0,18,1962.0,11,1963.0,73,1958.0
UR501,,13:44:27.250#,1963.0,1963.0,1946.0,2111.0,1833.0,17075,57767,1954.0,17,1955.0,51,1956.0,24,1957.0,16,1958.0,10,1959.0,70,1960.0,63,1961.0,18,1962.0,11,1963.0,73,1958.0
UR501,,13:44:27.500#,1963.0,1963.0,1946.0,2111.0,1833.0,17075,57767,1954.0,17,1955.0,51,1956.0,24,1957.0,16,1958.0,10,1959.0,72,1960.0,63,1961.0,18,1962.0,11,1963.0,73,1958.0
UR501,,13:44:27.750#,1963.0,1963.0,1946.0,2111.0,1833.0,17075,57767,1954.0,17,1955.0,51,1956.0,24,1957.0,16,1958.0,5,1959.0,72,1960.0,63,1961.0,18,1962.0,11,1963.0,73,1958.0
UR501,,13:44:28.0#,1963.0,1963.0,1946.0,2111.0,1833.0,17075,57767,1954.0,17,1955.0,51,1956.0,24,1957.0,16,1958.0,5,1959.0,77,1960.0,63,1961.0,18,1962.0,11,1963.0,73,1958.0
UR501,,13:44:28.500#,1963.0,1963.0,1946.0,2111.0,1833.0,17075,57767,1954.0,17,1955.0,51,1956.0,24,1957.0,16,1958.0,10,1959.0,73,1960.0,63,1961.0,18,1962.0,11,1963.0,73,1958.0
UR501,,13:44:29.0#,1963.0,1963.0,1946.0,2111.0,1833.0,17075,57767,1954.0,17,1955.0,51,1956.0,24,1957.0,16,1958.0,10,1959.0,72,1960.0,65,1961.0,18,1962.0,11,1963.0,73,1958.0
UR501,,13:44:29.250#,1963.0,1963.0,1946.0,2111.0,1833.0,17075,57767,1954.0,17,1955.0,51,1956.0,24,1957.0,16,1958.0,10,1959.0,71,1960.0,65,1961.0,18,1962.0,11,1963.0,73,1958.0
UR501,,13:44:30.0#,1963.0,1963.0,1946.0,2111.0,1833.0,17075,57767,1954.0,17,1955.0,51,1956.0,24,1957.0,16,1958.0,5,1959.0,72,1960.0,65,1961.0,18,1962.0,11,1963.0,74,1958.0
UR501,,13:44:30.500#,1963.0,1963.0,1946.0,2111.0,1833.0,17075,57767,1954.0,17,1955.0,51,1956.0,24,1957.0,16,1958.0,5,1959.0,64,1960.0,66,1961.0,19,1962.0,11,1963.0,74,1958.0
UR501,,13:44:30.750#,1963.0,1963.0,1946.0,2111.0,1833.0,17075,57767,1954.0,17,1955.0,51,1956.0,24,1957.0,16,1958.0,10,1959.0,62,1960.0,66,1961.0,19,1962.0,11,1963.0,74,1958.0
UR501,,13:44:31.0#,1963.0,1963.0,1946.0,2111.0,1833.0,17075,57767,1954.0,17,1955.0,51,1956.0,24,1957.0,16,1958.0,10,1959.0,63,1960.0,66,1961.0,19,1962.0,11,1963.0,74,1958.0
UR501,,13:44:31.750#,1963.0,1963.0,1946.0,2111.0,1833.0,17075,57767,1954.0,17,1955.0,51,1956.0,24,1957.0,16,1958.0,10,1959.0,61,1960.0,66,1961.0,19,1962.0,11,1963.0,74,1958.0
UR501,,13:44:32.250#,1963.0,1963.0,1946.0,2111.0,1833.0,17075,57767,1954.0,17,1955.0,51,1956.0,24,1957.0,16,1958.0,10,1959.0,60,1960.0,66,1961.0,19,1962.0,11,1963.0,74,1958.0
UR501,,13:44:32.500#,1963.0,1963.0,1946.0,2111.0,1833.0,17075,57767,1954.0,17,1955.0,51,1956.0,24,1957.0,16,1958.0,10,1959.0,56,1960.0,66,1961.0,19,1962.0,11,1963.0,74,1958.0
UR501,,13:44:32.750#,1963.0,1963.0,1946.0,2111.0,1833.0,17075,57767,1954.0,17,1955.0,51,1956.0,24,1957.0,18,1958.0,10,1959.0,56,1960.0,66,1961.0,19,1962.0,11,1963.0,74,1958.0
UR501,,13:44:33.0#,1963.0,1963.0,1946.0,2111.0,1833.0,17075,57767,1954.0,17,1955.0,51,1956.0,23,1957.0,18,1958.0,10,1959.0,55,1960.0,62,1961.0,19,1962.0,11,1963.0,74,1958.0
UR501,,13:44:33.750#,1963.0,1963.0,1946.0,2111.0,1833.0,17075,57767,1954.0,17,1955.0,51,1956.0,23,1957.0,18,1958.0,10,1959.0,56,1960.0,62,1961.0,19,1962.0,11,1963.0,74,1958.0
UR501,,13:44:34.0#,1963.0,1963.0,1946.0,2111.0,1833.0,17075,57767,1954.0,17,1955.0,51,1956.0,23,1957.0,18,1958.0,10,1959.0,58,1960.0,62,1961.0,19,1962.0,11,1963.0,74,1958.0
UR501,,13:44:34.250#,1963.0,1963.0,1946.0,2111.0,1833.0,17075,57767,1954.0,17,1955.0,51,1956.0,23,1957.0,18,1958.0,10,1959.0,57,1960.0,62,1961.0,19,1962.0,11,1963.0,74,1958.0
UR501,,13:44:35.500#,1963.0,1963.0,1946.0,2111.0,1833.0,17075,57767,1954.0,17,1955.0,51,1956.0,23,1957.0,18,1958.0,10,1959.0,66,1960.0,62,1961.0,19,1962.0,11,1963.0,74,1958.0
UR501,,13:44:35.750#,1963.0,1963.0,1946.0,2111.0,1833.0,17075,57767,1954.0,17,1955.0,51,1956.0,23,1957.0,18,1958.0,10,1959.0,56,1960.0,62,1961.0,19,1962.0,11,1963.0,74,1958.0
UR501,,13:44:36.500#,1963.0,1963.0,1946.0,2111.0,1833.0,17075,57767,1954.0,17,1955.0,51,1956.0,23,1957.0,18,1958.0,10,1959.0,62,1960.0,62,1961.0,19,1962.0,11,1963.0,74,1958.0
UR501,,13:44:37.0#,1963.0,1963.0,1946.0,2111.0,1833.0,17075,57767,1954.0,17,1955.0,51,1956.0,23,1957.0,18,1958.0,10,1959.0,62,1960.0,62,1961.0,19,1962.0,11,1963.0,76,1958.0
UR501,,13:44:37.750#,1963.0,1963.0,1946.0,2111.0,1833.0,17075,57767,1954.0,17,1955.0,51,1956.0,23,1957.0,18,1958.0,10,1959.0,63,1960.0,62,1961.0,19,1962.0,11,1963.0,76,1958.0
UR501,,13:44:38.0#,1963.0,1963.0,1946.0,2111.0,1833.0,17075,57767,1954.0,17,1955.0,51,1956.0,23,1957.0,18,1958.0,10,1959.0,66,1960.0,62,1961.0,19,1962.0,11,1963.0,76,1958.0
UR501,,13:44:38.250#,1963.0,1963.0,1946.0,2111.0,1833.0,17075,57767,1954.0,17,1955.0,51,1956.0,23,1957.0,18,1958.0,10,1959.0,67,1960.0,62,1961.0,19,1962.0,11,1963.0,76,1958.0
UR501,,13:44:39.500#,1963.0,1963.0,1946.0,2111.0,1833.0,17075,57767,1954.0,17,1955.0,51,1956.0,23,1957.0,18,1958.0,10,1959.0,67,1960.0,62,1961.0,19,1962.0,11,1963.0,76,1958.0
UR501,,13:44:40.500#,1963.0,1963.0,1946.0,2111.0,1833.0,17075,57767,1954.0,17,1955.0,51,1956.0,23,1957.0,18,1958.0,10,1959.0,74,1960.0,62,1961.0,19,1962.0,11,1963.0,76,1958.0
UR501,,13:44:43.250#,1963.0,1963.0,1946.0,2111.0,1833.0,17075,57767,1954.0,17,1955.0,51,1956.0,23,1957.0,18,1958.0,10,1959.0,74,1960.0,62,1961.0,19,1962.0,21,1963.0,76,1958.0
UR501,,13:44:44.250#,1963.0,1963.0,1946.0,2111.0,1833.0,17075,57767,1954.0,17,1955.0,51,1956.0,23,1957.0,18,1958.0,10,1959.0,76,1960.0,62,1961.0,19,1962.0,21,1963.0,76,1958.0
UR501,,13:44:45.0#,1963.0,1963.0,1946.0,2111.0,1833.0,17075,57767,1954.0,17,1955.0,51,1956.0,23,1957.0,18,1958.0,10,1959.0,76,1960.0,62,1961.0,19,1962.0,21,1963.0,86,1958.0
UR501,,13:44:46.0#,1963.0,1963.0,1946.0,2111.0,1833.0,17075,57767,1954.0,17,1955.0,51,1956.0,23,1957.0,18,1958.0,15,1959.0,76,1960.0,62,1961.0,18,1962.0,21,1963.0,87,1958.0
UR501,,13:44:46.250#,1963.0,1963.0,1946.0,2111.0,1833.0,17075,57767,1954.0,17,1955.0,51,1956.0,23,1957.0,18,1958.0,16,1959.0,75,1960.0,62,1961.0,18,1962.0,21,1963.0,87,1958.0
UR501,,13:44:46.500#,1963.0,1963.0,1946.0,2111.0,1833.0,17075,57767,1954.0,17,1955.0,51,1956.0,23,1957.0,18,1958.0,17,1959.0,71,1960.0,62,1961.0,18,1962.0,21,1963.0,87,1958.0
UR501,,13:44:47.0#,1963.0,1963.0,1946.0,2111.0,1833.0,17075,57767,1954.0,17,1955.0,51,1956.0,23,1957.0,18,1958.0,17,1959.0,71,1960.0,62,1961.0,18,1962.0,21,1963.0,87,1958.0
UR501,,13:44:48.0#,1963.0,1963.0,1946.0,2111.0,1833.0,17075,57767,1954.0,17,1955.0,51,1956.0,23,1957.0,18,1958.0,17,1959.0,86,1960.0,62,1961.0,18,1962.0,21,1963.0,87,1958.0
UR501,,13:44:48.250#,1963.0,1963.0,1946.0,2111.0,1833.0,17078,57764,1954.0,17,1955.0,51,1956.0,23,1957.0,18,1958.0,17,1959.0,83,1960.0,62,1961.0,18,1962.0,21,1963.0,87,1959.0
UR501,,13:44:48.750#,1963.0,1963.0,1946.0,2111.0,1833.0,17078,57764,1954.0,17,1955.0,51,1956.0,23,1957.0,18,1958.0,17,1959.0,83,1960.0,62,1961.0,18,1962.0,21,1963.0,87,1959.0
UR501,,13:44:49.250#,1963.0,1963.0,1946.0,2111.0,1833.0,17078,57764,1954.0,17,1955.0,51,1956.0,23,1957.0,18,1958.0,17,1959.0,83,1960.0,62,1961.0,18,1962.0,21,1963.0,87,1959.0
UR501,,13:44:49.500#,1963.0,1963.0,1946.0,2111.0,1833.0,17078,57764,1954.0,17,1955.0,51,1956.0,23,1957.0,18,1958.0,17,1959.0,83,1960.0,62,1961.0,18,1962.0,21,1963.0,87,1959.0
UR501,,13:44:50.750#,1963.0,1963.0,1946.0,2111.0,1833.0,17078,57764,1954.0,17,1955.0,51,1956.0,23,1957.0,18,1958.0,15,1959.0,83,1960.0,62,1961.0,18,1962.0,21,1963.0,87,1959.0
UR501,,13:44:51.750#,1963.0,1963.0,1946.0,2111.0,1833.0,17078,57764,1954.0,17,1955.0,51,1956.0,23,1957.0,18,1958.0,15,1959.0,83,1960.0,62,1961.0,18,1962.0,21,1963.0,87,1959.0
UR501,,13:44:52.500#,1963.0,1963.0,1946.0,2111.0,1833.0,17078,57764,1954.0,17,1955.0,51,1956.0,23,1957.0,18,1958.0,16,1959.0,83,1960.0,62,1961.0,18,1962.0,21,1963.0,87,1959.0
UR501,,13:44:57.750#,1963.0,1963.0,1946.0,2111.0,1833.0,17078,57764,1954.0,17,1955.0,51,1956.0,23,1957.0,18,1958.0,16,1959.0,83,1960.0,62,1961.0,18,1962.0,21,1963.0,87,1959.0
UR501,,13:44:59.250#,1963.0,1963.0,1946.0,2111.0,1833.0,17078,57764,1954.0,17,1955.0,51,1956.0,22,1957.0,18,1958.0,17,1959.0,83,1960.0,62,1961.0,18,1962.0,21,1963.0,87,1959.0
UR501,,13:45:03.0#,1963.0,1963.0,1946.0,2111.0,1833.0,17078,57764,1954.0,17,1955.0,51,1956.0,22,1957.0,18,1958.0,17,1959.0,82,1960.0,62,1961.0,18,1962.0,21,1963.0,87,1959.0
UR501,,13:45:03.250#,1963.0,1963.0,1946.0,2111.0,1833.0,17078,57764,1954.0,17,1955.0,51,1956.0,22,1957.0,18,1958.0,17,1959.0,81,1960.0,62,1961.0,18,1962.0,21,1963.0,87,1959.0
UR501,,13:45:03.500#,1963.0,1963.0,1946.0,2111.0,1833.0,17078,57764,1954.0,17,1955.0,51,1956.0,22,1957.0,18,1958.0,17,1959.0,80,1960.0,62,1961.0,18,1962.0,21,1963.0,87,1959.0
UR501,,13:45:03.750#,1963.0,1963.0,1946.0,2111.0,1833.0,17078,57764,1954.0,17,1955.0,51,1956.0,22,1957.0,18,1958.0,17,1959.0,81,1960.0,62,1961.0,18,1962.0,21,1963.0,87,1959.0
UR501,,13:45:04.0#,1963.0,1963.0,1946.0,2111.0,1833.0,17078,57764,1954.0,17,1955.0,51,1956.0,22,1957.0,18,1958.0,17,1959.0,79,1960.0,62,1961.0,18,1962.0,21,1963.0,87,1959.0
UR501,,13:45:04.250#,1963.0,1963.0,1946.0,2111.0,1833.0,17078,57764,1954.0,17,1955.0,51,1956.0,22,1957.0,18,1958.0,17,1959.0,82,1960.0,62,1961.0,18,1962.0,21,1963.0,87,1959.0
UR501,,13:45:04.500#,1963.0,1963.0,1946.0,2111.0,1833.0,17078,57764,1954.0,17,1955.0,51,1956.0,22,1957.0,18,1958.0,17,1959.0,73,1960.0,62,1961.0,18,1962.0,21,1963.0,87,1959.0
UR501,,13:45:05.750#,1963.0,1963.0,1946.0,2111.0,1833.0,17078,57764,1954.0,17,1955.0,51,1956.0,22,1957.0,18,1958.0,17,1959.0,74,1960.0,62,1961.0,18,1962.0,21,1963.0,87,1959.0
UR501,,13:45:06.0#,1963.0,1963.0,1946.0,2111.0,1833.0,17079,57764,1954.0,17,1955.0,51,1956.0,22,1957.0,18,1958.0,17,1959.0,67,1960.0,62,1961.0,18,1962.0,21,1963.0,87,1959.0
UR501,,13:45:07.750#,1963.0,1963.0,1946.0,2111.0,1833.0,17079,57764,1954.0,17,1955.0,51,1956.0,22,1957.0,18,1958.0,17,1959.0,71,1960.0,62,1961.0,18,1962.0,21,1963.0,87,1959.0
UR501,,13:45:08.0#,1963.0,1963.0,1946.0,2111.0,1833.0,17079,57764,1954.0,17,1955.0,51,1956.0,22,1957.0,18,1958.0,17,1959.0,65,1960.0,63,1961.0,18,1962.0,21,1963.0,87,1959.0
UR501,,13:45:08.750#,1963.0,1963.0,1946.0,2111.0,1833.0,17079,57764,1954.0,17,1955.0,51,1956.0,22,1957.0,18,1958.0,17,1959.0,64,1960.0,63,1961.0,18,1962.0,21,1963.0,87,1959.0
UR501,,13:45:10.500#,1963.0,1963.0,1946.0,2111.0,1833.0,17079,57764,1954.0,17,1955.0,51,1956.0,22,1957.0,18,1958.0,17,1959.0,63,1960.0,63,1961.0,18,1962.0,21,1963.0,87,1959.0
UR501,,13:45:11.500#,1963.0,1963.0,1946.0,2111.0,1833.0,17079,57764,1954.0,17,1955.0,51,1956.0,22,1957.0,18,1958.0,17,1959.0,59,1960.0,63,1961.0,18,1962.0,21,1963.0,87,1959.0
UR501,,13:45:11.750#,1963.0,1963.0,1946.0,2111.0,1833.0,17079,57764,1954.0,17,1955.0,51,1956.0,22,1957.0,18,1958.0,17,1959.0,60,1960.0,63,1961.0,18,1962.0,21,1963.0,87,1959.0
UR501,,13:45:12.0#,1963.0,1963.0,1946.0,2111.0,1833.0,17079,57764,1954.0,17,1955.0,51,1956.0,22,1957.0,18,1958.0,17,1959.0,59,1960.0,63,1961.0,18,1962.0,21,1963.0,87,1959.0
UR501,,13:45:15.250#,1963.0,1963.0,1946.0,2111.0,1833.0,17079,57764,1954.0,17,1955.0,51,1956.0,22,1957.0,18,1958.0,17,1959.0,60,1960.0,63,1961.0,18,1962.0,21,1963.0,87,1959.0
UR501,,13:45:15.500#,1963.0,1963.0,1946.0,2111.0,1833.0,17079,57764,1954.0,17,1955.0,51,1956.0,22,1957.0,18,1958.0,17,1959.0,60,1960.0,63,1961.0,18,1962.0,21,1963.0,87,1959.0
UR501,,13:45:16.500#,1963.0,1963.0,1946.0,2111.0,1833.0,17079,57764,1954.0,17,1955.0,51,1956.0,22,1957.0,18,1958.0,17,1959.0,54,1960.0,63,1961.0,18,1962.0,21,1963.0,87,1959.0
UR501,,13:45:18.0#,1963.0,1963.0,1946.0,2111.0,1833.0,17079,57764,1954.0,17,1955.0,51,1956.0,22,1957.0,17,1958.0,17,1959.0,53,1960.0,63,1961.0,18,1962.0,21,1963.0,87,1959.0
UR501,,13:45:20.500#,1963.0,1963.0,1946.0,2111.0,1833.0,17079,57764,1954.0,17,1955.0,51,1956.0,22,1957.0,17,1958.0,17,1959.0,52,1960.0,63,1961.0,18,1962.0,21,1963.0,87,1959.0
UR501,,13:45:21.0#,1963.0,1963.0,1946.0,2111.0,1833.0,17079,57764,1954.0,17,1955.0,51,1956.0,22,1957.0,17,1958.0,17,1959.0,62,1960.0,63,1961.0,18,1962.0,21,1963.0,87,1959.0
UR501,,13:45:21.250#,1963.0,1963.0,1946.0,2111.0,1833.0,17079,57764,1954.0,17,1955.0,51,1956.0,22,1957.0,17,1958.0,17,1959.0,72,1960.0,63,1961.0,18,1962.0,21,1963.0,87,1959.0
UR501,,13:45:21.500#,1963.0,1963.0,1946.0,2111.0,1833.0,17079,57764,1954.0,17,1955.0,51,1956.0,22,1957.0,17,1958.0,17,1959.0,81,1960.0,63,1961.0,18,1962.0,21,1963.0,87,1959.0
UR501,,13:45:21.750#,1963.0,1963.0,1946.0,2111.0,1833.0,17079,57764,1954.0,17,1955.0,52,1956.0,22,1957.0,17,1958.0,17,1959.0,81,1960.0,63,1961.0,18,1962.0,21,1963.0,87,1959.0
UR501,,13:45:22.0#,1963.0,1963.0,1946.0,2111.0,1833.0,17079,57764,1954.0,17,1955.0,52,1956.0,22,1957.0,17,1958.0,17,1959.0,85,1960.0,63,1961.0,18,1962.0,21,1963.0,87,1959.0
UR501,,13:45:22.250#,1963.0,1963.0,1946.0,2111.0,1833.0,17079,57764,1954.0,17,1955.0,52,1956.0,22,1957.0,17,1958.0,17,1959.0,87,1960.0,63,1961.0,18,1962.0,21,1963.0,87,1959.0
UR501,,13:45:25.500#,1963.0,1963.0,1946.0,2111.0,1833.0,17081,57764,1954.0,17,1955.0,52,1956.0,22,1957.0,17,1958.0,15,1959.0,85,1960.0,63,1961.0,18,1962.0,21,1963.0,87,1958.0
UR501,,13:45:26.250#,1963.0,1963.0,1946.0,2111.0,1833.0,17081,57764,1954.0,17,1955.0,52,1956.0,22,1957.0,17,1958.0,15,1959.0,86,1960.0,63,1961.0,18,1962.0,21,1963.0,87,1958.0
UR501,,13:45:30.500#,1963.0,1963.0,1946.0,2111.0,1833.0,17081,57764,1954.0,17,1955.0,52,1956.0,22,1957.0,18,1958.0,15,1959.0,77,1960.0,63,1961.0,18,1962.0,21,1963.0,87,1958.0
UR501,,13:45:31.0#,1963.0,1963.0,1946.0,2111.0,1833.0,17081,57764,1954.0,17,1955.0,52,1956.0,22,1957.0,18,1958.0,17,1959.0,59,1960.0,63,1961.0,18,1962.0,21,1963.0,87,1958.0
UR501,,13:45:31.500#,1963.0,1963.0,1946.0,2111.0,1833.0,17082,57764,1954.0,17,1955.0,52,1956.0,22,1957.0,18,1958.0,16,1959.0,58,1960.0,63,1961.0,18,1962.0,21,1963.0,87,1958.0
UR501,,13:45:32.750#,1963.0,1963.0,1946.0,2111.0,1833.0,17086,57764,1954.0,17,1955.0,52,1956.0,22,1957.0,18,1958.0,12,1959.0,62,1960.0,63,1961.0,18,1962.0,21,1963.0,87,1958.0
UR501,,13:45:33.0#,1963.0,1963.0,1946.0,2111.0,1833.0,17086,57764,1954.0,17,1955.0,52,1956.0,22,1957.0,18,1958.0,12,1959.0,72,1960.0,63,1961.0,18,1962.0,21,1963.0,87,1958.0
UR501,,13:45:33.250#,1963.0,1963.0,1946.0,2111.0,1833.0,17086,57764,1954.0,17,1955.0,52,1956.0,22,1957.0,18,1958.0,12,1959.0,73,1960.0,63,1961.0,18,1962.0,21,1963.0,87,1958.0
UR501,,13:45:33.500#,1963.0,1963.0,1946.0,2111.0,1833.0,17087,57764,1954.0,17,1955.0,52,1956.0,22,1957.0,18,1958.0,11,1959.0,81,1960.0,63,1961.0,18,1962.0,21,1963.0,87,1958.0
UR501,,13:45:33.750#,1963.0,1963.0,1946.0,2111.0,1833.0,17087,57764,1954.0,17,1955.0,52,1956.0,22,1957.0,18,1958.0,7,1959.0,81,1960.0,63,1961.0,18,1962.0,21,1963.0,87,1958.0
UR501,,13:45:36.250#,1963.0,1963.0,1946.0,2111.0,1833.0,17094,57763,1953.0,12,1954.0,17,1955.0,52,1956.0,22,1957.0,28,1959.0,74,1960.0,63,1961.0,18,1962.0,21,1963.0,87,1958.0
UR501,,13:45:37.250#,1963.0,1963.0,1946.0,2111.0,1833.0,17094,57763,1953.0,12,1954.0,17,1955.0,51,1956.0,22,1957.0,28,1959.0,74,1960.0,63,1961.0,18,1962.0,21,1963.0,87,1958.0
UR501,,13:45:37.500#,1963.0,1963.0,1946.0,2111.0,1833.0,17094,57763,1953.0,12,1954.0,17,1955.0,51,1956.0,22,1957.0,29,1959.0,15,1960.0,63,1961.0,18,1962.0,21,1963.0,87,1958.0
UR501,,13:45:46.250#,1963.0,1963.0,1946.0,2111.0,1833.0,17094,57763,1953.0,12,1954.0,17,1955.0,51,1956.0,22,1957.0,29,1959.0,28,1960.0,68,1961.0,18,1962.0,21,1963.0,87,1958.0
UR501,,13:45:50.0#,1963.0,1963.0,1946.0,2111.0,1833.0,17094,57763,1954.0,17,1955.0,51,1956.0,22,1957.0,19,1958.0,1,1959.0,29,1960.0,69,1961.0,18,1962.0,21,1963.0,87,1958.0
UR501,,13:46:01.0#,1963.0,1963.0,1946.0,2111.0,1833.0,17094,57763,1954.0,17,1955.0,51,1956.0,22,1957.0,19,1958.0,5,1959.0,29,1960.0,69,1961.0,18,1962.0,21,1963.0,87,1958.0
UR501,,13:46:01.250#,1963.0,1963.0,1946.0,2111.0,1833.0,17094,57763,1954.0,17,1955.0,51,1956.0,22,1957.0,19,1958.0,12,1959.0,29,1960.0,69,1961.0,18,1962.0,21,1963.0,87,1958.0
UR501,,13:46:01.750#,1963.0,1963.0,1946.0,2111.0,1833.0,17094,57763,1954.0,17,1955.0,51,1956.0,22,1957.0,19,1958.0,14,1959.0,22,1960.0,69,1961.0,18,1962.0,21,1963.0,87,1958.0
UR501,,13:46:03.750#,1963.0,1963.0,1946.0,2111.0,1833.0,17094,57763,1954.0,17,1955.0,51,1956.0,22,1957.0,19,1958.0,12,1959.0,22,1960.0,69,1961.0,18,1962.0,21,1963.0,87,1958.0
UR501,,13:46:04.0#,1963.0,1963.0,1946.0,2111.0,1833.0,17094,57763,1954.0,17,1955.0,51,1956.0,22,1957.0,19,1958.0,7,1959.0,22,1960.0,69,1961.0,18,1962.0,21,1963.0,87,1958.0
UR501,,13:46:04.250#,1963.0,1963.0,1946.0,2111.0,1833.0,17094,57763,1954.0,17,1955.0,51,1956.0,22,1957.0,19,1958.0,6,1959.0,22,1960.0,69,1961.0,18,1962.0,21,1963.0,87,1958.0
UR501,,13:46:04.750#,1963.0,1963.0,1946.0,2111.0,1833.0,17094,57763,1954.0,17,1955.0,51,1956.0,22,1957.0,19,1958.0,5,1959.0,22,1960.0,69,1961.0,18,1962.0,21,1963.0,87,1958.0
UR501,,13:46:05.250#,1963.0,1963.0,1946.0,2111.0,1833.0,17094,57763,1954.0,17,1955.0,51,1956.0,22,1957.0,19,1958.0,1,1959.0,22,1960.0,69,1961.0,18,1962.0,21,1963.0,87,1958.0
UR501,,13:46:05.750#,1963.0,1963.0,1946.0,2111.0,1833.0,17094,57763,1954.0,17,1955.0,51,1956.0,22,1957.0,19,1958.0,1,1959.0,22,1960.0,69,1961.0,18,1962.0,21,1963.0,87,1958.0
UR501,,13:46:07.500#,1963.0,1963.0,1946.0,2111.0,1833.0,17095,57764,1953.0,12,1954.0,17,1955.0,51,1956.0,22,1957.0,23,1959.0,71,1960.0,69,1961.0,18,1962.0,21,1963.0,87,1958.0
UR501,,13:46:07.750#,1963.0,1963.0,1946.0,2111.0,1833.0,17096,57763,1953.0,12,1954.0,17,1955.0,51,1956.0,22,1957.0,21,1958.0,53,1959.0,21,1960.0,69,1961.0,18,1962.0,21,1958.0
UR501,,13:46:08.0#,1963.0,1963.0,1946.0,2111.0,1833.0,17096,57763,1953.0,12,1954.0,17,1955.0,51,1956.0,22,1957.0,12,1958.0,55,1959.0,21,1960.0,73,1961.0,18,1962.0,21,1958.0
UR501,,13:46:08.250#,1963.0,1963.0,1946.0,2111.0,1833.0,17096,57763,1953.0,12,1954.0,17,1955.0,51,1956.0,22,1957.0,16,1958.0,55,1959.0,21,1960.0,73,1961.0,18,1962.0,21,1958.0
UR501,,13:46:08.500#,1963.0,1963.0,1946.0,2111.0,1833.0,17096,57763,1953.0,12,1954.0,17,1955.0,51,1956.0,22,1957.0,16,1958.0,52,1959.0,21,1960.0,73,1961.0,18,1962.0,21,1958.0
UR501,,13:46:08.750#,1963.0,1963.0,1946.0,2111.0,1833.0,17096,57763,1953.0,12,1954.0,17,1955.0,51,1956.0,22,1957.0,22,1958.0,52,1959.0,21,1960.0,73,1961.0,18,1962.0,21,1958.0
UR501,,13:46:09.0#,1963.0,1963.0,1946.0,2111.0,1833.0,17096,57763,1953.0,12,1954.0,17,1955.0,51,1956.0,22,1957.0,22,1958.0,43,1959.0,21,1960.0,73,1961.0,18,1962.0,21,1958.0
UR501,,13:46:09.250#,1963.0,1963.0,1946.0,2111.0,1833.0,17096,57763,1953.0,12,1954.0,17,1955.0,51,1956.0,22,1957.0,22,1958.0,39,1959.0,21,1960.0,73,1961.0,18,1962.0,21,1958.0
UR501,,13:46:10.0#,1963.0,1963.0,1946.0,2111.0,1833.0,17096,57763,1953.0,12,1954.0,17,1955.0,51,1956.0,22,1957.0,22,1958.0,40,1959.0,21,1960.0,73,1961.0,18,1962.0,21,1958.0
UR501,,13:46:11.750#,1963.0,1963.0,1946.0,2111.0,1833.0,17096,57763,1953.0,12,1954.0,17,1955.0,51,1956.0,22,1957.0,22,1958.0,53,1959.0,21,1960.0,73,1961.0,18,1962.0,21,1958.0
UR501,,13:46:12.0#,1963.0,1963.0,1946.0,2111.0,1833.0,17096,57763,1953.0,12,1954.0,17,1955.0,51,1956.0,22,1957.0,16,1958.0,53,1959.0,21,1960.0,73,1961.0,18,1962.0,21,1958.0
UR501,,13:46:12.750#,1963.0,1963.0,1946.0,2111.0,1833.0,17096,57763,1953.0,12,1954.0,17,1955.0,51,1956.0,22,1957.0,16,1958.0,58,1959.0,21,1960.0,73,1961.0,18,1962.0,21,1958.0
UR501,,13:46:13.0#,1963.0,1963.0,1946.0,2111.0,1833.0,17096,57763,1953.0,12,1954.0,17,1955.0,51,1956.0,22,1957.0,16,1958.0,60,1959.0,21,1960.0,73,1961.0,18,1962.0,21,1958.0
UR501,,13:46:15.500#,1963.0,1963.0,1946.0,2111.0,1833.0,17096,57763,1953.0,12,1954.0,17,1955.0,51,1956.0,22,1957.0,15,1958.0,60,1959.0,21,1960.0,73,1961.0,18,1962.0,21,1958.0
UR501,,13:46:19.750#,1963.0,1963.0,1946.0,2111.0,1833.0,17100,57763,1953.0,12,1954.0,17,1955.0,51,1956.0,22,1957.0,11,1958.0,56,1959.0,21,1960.0,73,1961.0,18,1962.0,21,1957.0
UR501,,13:46:20.750#,1963.0,1963.0,1946.0,2111.0,1833.0,17104,57762,1953.0,12,1954.0,17,1955.0,51,1956.0,22,1957.0,7,1958.0,52,1959.0,21,1960.0,73,1961.0,18,1962.0,21,1957.0
UR501,,13:46:22.750#,1963.0,1963.0,1946.0,2111.0,1833.0,17105,57761,1953.0,12,1954.0,17,1955.0,51,1956.0,22,1957.0,6,1958.0,51,1959.0,21,1960.0,73,1961.0,18,1962.0,21,1957.0
UR501,,13:46:23.250#,1963.0,1963.0,1946.0,2111.0,1833.0,17107,57761,1953.0,12,1954.0,17,1955.0,51,1956.0,22,1957.0,3,1958.0,49,1959.0,21,1960.0,73,1961.0,18,1962.0,21,1957.0
UR501,,13:46:23.500#,1963.0,1963.0,1946.0,2111.0,1833.0,17107,57761,1953.0,12,1954.0,17,1955.0,51,1956.0,24,1957.0,2,1958.0,49,1959.0,21,1960.0,73,1961.0,18,1962.0,21,1957.0
UR501,,13:46:23.750#,1963.0,1963.0,1946.0,2111.0,1833.0,17107,57761,1953.0,12,1954.0,17,1955.0,51,1956.0,24,1957.0,1,1958.0,49,1959.0,21,1960.0,73,1961.0,18,1962.0,21,1957.0
UR501,,13:46:24.0#,1963.0,1963.0,1946.0,2111.0,1833.0,17108,57761,1952.0,20,1953.0,12,1954.0,17,1955.0,51,1956.0,32,1958.0,48,1959.0,21,1960.0,73,1961.0,18,1962.0,21,1957.0
UR501,,13:46:24.250#,1963.0,1963.0,1946.0,2111.0,1833.0,17108,57761,1952.0,20,1953.0,12,1954.0,17,1955.0,51,1956.0,35,1958.0,48,1959.0,21,1960.0,73,1961.0,18,1962.0,21,1957.0
UR501,,13:46:24.500#,1963.0,1963.0,1946.0,2111.0,1833.0,17108,57761,1952.0,20,1953.0,12,1954.0,17,1955.0,51,1956.0,34,1958.0,48,1959.0,22,1960.0,73,1961.0,18,1962.0,21,1957.0
UR501,,13:46:24.750#,1963.0,1963.0,1946.0,2111.0,1833.0,17108,57761,1952.0,20,1953.0,12,1954.0,17,1955.0,51,1956.0,29,1957.0,11,1958.0,11,1959.0,22,1960.0,73,1961.0,18,1957.0
UR501,,13:46:25.0#,1963.0,1963.0,1946.0,2111.0,1833.0,17108,57761,1952.0,20,1953.0,12,1954.0,17,1955.0,51,1956.0,29,1957.0,15,1958.0,11,1959.0,22,1960.0,73,1961.0,18,1957.0
UR501,,13:46:25.250#,1963.0,1963.0,1946.0,2111.0,1833.0,17108,57761,1952.0,20,1953.0,12,1954.0,17,1955.0,51,1956.0,36,1957.0,10,1958.0,11,1959.0,22,1960.0,73,1961.0,18,1957.0
UR501,,13:46:27.250#,1963.0,1963.0,1946.0,2111.0,1833.0,17108,57761,1952.0,20,1953.0,12,1954.0,17,1955.0,51,1956.0,36,1957.0,20,1958.0,11,1959.0,22,1960.0,73,1961.0,18,1957.0
UR501,,13:46:27.500#,1963.0,1963.0,1946.0,2111.0,1833.0,17108,57761,1952.0,20,1953.0,12,1954.0,17,1955.0,51,1956.0,32,1957.0,25,1958.0,11,1959.0,22,1960.0,73,1961.0,18,1957.0
UR501,,13:46:27.750#,1963.0,1963.0,1946.0,2111.0,1833.0,17108,57761,1952.0,20,1953.0,12,1954.0,17,1955.0,51,1956.0,29,1957.0,34,1958.0,11,1959.0,22,1960.0,73,1961.0,18,1957.0
UR501,,13:46:28.500#,1963.0,1963.0,1946.0,2111.0,1833.0,17108,57761,1952.0,20,1953.0,12,1954.0,17,1955.0,51,1956.0,29,1957.0,35,1958.0,11,1959.0,22,1960.0,73,1961.0,18,1957.0
UR501,,13:46:28.750#,1963.0,1963.0,1946.0,2111.0,1833.0,17108,57761,1952.0,20,1953.0,12,1954.0,17,1955.0,51,1956.0,29,1957.0,34,1958.0,11,1959.0,22,1960.0,73,1961.0,18,1957.0
UR501,,13:46:29.500#,1963.0,1963.0,1946.0,2111.0,1833.0,17108,57761,1952.0,20,1953.0,12,1954.0,17,1955.0,51,1956.0,29,1957.0,34,1958.0,11,1959.0,22,1960.0,73,1961.0,18,1957.0
UR501,,13:46:31.500#,1963.0,1963.0,1946.0,2111.0,1833.0,17108,57761,1952.0,20,1953.0,12,1954.0,17,1955.0,51,1956.0,29,1957.0,34,1958.0,11,1959.0,23,1960.0,73,1961.0,18,1957.0
UR501,,13:46:31.750#,1963.0,1963.0,1946.0,2111.0,1833.0,17108,57761,1952.0,20,1953.0,12,1954.0,17,1955.0,51,1956.0,29,1957.0,29,1958.0,11,1959.0,23,1960.0,73,1961.0,18,1957.0
UR501,,13:46:32.250#,1963.0,1963.0,1946.0,2111.0,1833.0,17131,57755,1952.0,20,1953.0,12,1954.0,17,1955.0,51,1956.0,6,1957.0,29,1958.0,11,1959.0,23,1960.0,73,1961.0,18,1956.0
UR501,,13:46:32.500#,1963.0,1963.0,1946.0,2111.0,1833.0,17131,57755,1952.0,20,1953.0,12,1954.0,17,1955.0,51,1956.0,7,1957.0,30,1958.0,11,1959.0,23,1960.0,73,1961.0,18,1956.0
UR501,,13:46:32.750#,1963.0,1963.0,1946.0,2111.0,1833.0,17131,57755,1952.0,20,1953.0,12,1954.0,17,1955.0,51,1956.0,12,1957.0,30,1958.0,11,1959.0,23,1960.0,73,1961.0,18,1956.0
UR501,,13:46:33.0#,1963.0,1963.0,1946.0,2111.0,1833.0,17131,57755,1952.0,20,1953.0,12,1954.0,17,1955.0,51,1956.0,17,1957.0,30,1958.0,11,1959.0,23,1960.0,73,1961.0,18,1956.0
UR501,,13:46:33.250#,1963.0,1963.0,1946.0,2111.0,1833.0,17131,57755,1952.0,20,1953.0,12,1954.0,17,1955.0,51,1956.0,17,1957.0,21,1958.0,11,1959.0,23,1960.0,73,1961.0,18,1956.0
UR501,,13:46:34.250#,1963.0,1963.0,1946.0,2111.0,1833.0,17131,57755,1952.0,20,1953.0,12,1954.0,17,1955.0,51,1956.0,18,1957.0,21,1958.0,11,1959.0,23,1960.0,73,1961.0,18,1956.0
UR501,,13:46:34.500#,1963.0,1963.0,1946.0,2111.0,1833.0,17131,57755,1952.0,20,1953.0,12,1954.0,17,1955.0,47,1956.0,18,1957.0,21,1958.0,11,1959.0,23,1960.0,73,1961.0,18,1956.0
UR501,,13:46:34.750#,1963.0,1963.0,1946.0,2111.0,1833.0,17131,57755,1952.0,20,1953.0,12,1954.0,17,1955.0,47,1956.0,19,1957.0,21,1958.0,11,1959.0,23,1960.0,73,1961.0,18,1956.0
UR501,,13:46:35.750#,1963.0,1963.0,1946.0,2111.0,1833.0,17131,57755,1952.0,20,1953.0,12,1954.0,17,1955.0,47,1956.0,19,1957.0,25,1958.0,11,1959.0,23,1960.0,73,1961.0,18,1956.0
UR501,,13:46:36.0#,1963.0,1963.0,1946.0,2111.0,1833.0,17131,57755,1952.0,20,1953.0,12,1954.0,17,1955.0,47,1956.0,14,1957.0,38,1958.0,11,1959.0,23,1960.0,73,1961.0,18,1956.0
UR501,,13:46:36.250#,1963.0,1963.0,1946.0,2111.0,1833.0,17131,57755,1952.0,20,1953.0,12,1954.0,17,1955.0,47,1956.0,9,1957.0,41,1958.0,11,1959.0,23,1960.0,73,1961.0,18,1956.0
UR501,,13:46:36.500#,1963.0,1963.0,1946.0,2111.0,1833.0,17131,57755,1952.0,20,1953.0,12,1954.0,17,1955.0,47,1956.0,7,1957.0,41,1958.0,11,1959.0,23,1960.0,73,1961.0,18,1956.0
UR501,,13:46:38.250#,1963.0,1963.0,1946.0,2111.0,1833.0,17131,57755,1952.0,20,1953.0,12,1954.0,17,1955.0,47,1956.0,9,1957.0,40,1958.0,11,1959.0,23,1960.0,73,1961.0,18,1956.0
UR501,,13:46:39.500#,1963.0,1963.0,1946.0,2111.0,1833.0,17131,57755,1952.0,20,1953.0,12,1954.0,17,1955.0,47,1956.0,9,1957.0,35,1958.0,11,1959.0,23,1960.0,73,1961.0,18,1956.0
UR501,,13:46:39.750#,1963.0,1963.0,1946.0,2111.0,1833.0,17131,57755,1952.0,20,1953.0,12,1954.0,17,1955.0,47,1956.0,13,1957.0,35,1958.0,11,1959.0,23,1960.0,73,1961.0,18,1956.0
UR501,,13:46:40.250#,1963.0,1963.0,1946.0,2111.0,1833.0,17131,57755,1952.0,20,1953.0,12,1954.0,17,1955.0,47,1956.0,26,1957.0,22,1958.0,11,1959.0,23,1960.0,73,1961.0,18,1956.0
UR501,,13:46:41.0#,1963.0,1963.0,1946.0,2111.0,1833.0,17131,57755,1952.0,20,1953.0,12,1954.0,17,1955.0,49,1956.0,26,1957.0,22,1958.0,11,1959.0,23,1960.0,73,1961.0,18,1956.0
UR501,,13:46:43.0#,1963.0,1963.0,1946.0,2111.0,1833.0,17131,57755,1952.0,20,1953.0,12,1954.0,17,1955.0,49,1956.0,26,1957.0,21,1958.0,11,1959.0,23,1960.0,73,1961.0,18,1956.0
UR501,,13:46:43.250#,1963.0,1963.0,1946.0,2111.0,1833.0,17131,57755,1952.0,20,1953.0,12,1954.0,17,1955.0,49,1956.0,26,1957.0,21,1958.0,11,1959.0,23,1960.0,73,1961.0,18,1956.0
UR501,,13:46:43.500#,1963.0,1963.0,1946.0,2111.0,1833.0,17132,57754,1952.0,20,1953.0,12,1954.0,17,1955.0,49,1956.0,26,1957.0,21,1958.0,11,1959.0,23,1960.0,73,1961.0,18,1956.0
UR501,,13:46:44.0#,1963.0,1963.0,1946.0,2111.0,1833.0,17132,57754,1952.0,20,1953.0,12,1954.0,17,1955.0,49,1956.0,26,1957.0,26,1958.0,11,1959.0,23,1960.0,73,1961.0,18,1956.0
UR501,,13:46:44.500#,1963.0,1963.0,1946.0,2111.0,1833.0,17132,57754,1952.0,20,1953.0,12,1954.0,19,1955.0,49,1956.0,26,1957.0,31,1958.0,11,1959.0,23,1960.0,73,1961.0,18,1956.0
UR501,,13:46:44.750#,1963.0,1963.0,1946.0,2111.0,1833.0,17132,57754,1952.0,20,1953.0,12,1954.0,19,1955.0,49,1956.0,26,1957.0,35,1958.0,11,1959.0,23,1960.0,73,1961.0,18,1956.0
UR501,,13:46:47.0#,1963.0,1963.0,1946.0,2111.0,1833.0,17132,57754,1952.0,20,1953.0,14,1954.0,19,1955.0,49,1956.0,26,1957.0,35,1958.0,11,1959.0,23,1960.0,73,1961.0,18,1956.0
UR501,,13:46:47.500#,1963.0,1963.0,1946.0,2111.0,1833.0,17132,57754,1952.0,20,1953.0,14,1954.0,19,1955.0,49,1956.0,15,1957.0,42,1958.0,11,1959.0,23,1960.0,73,1961.0,18,1956.0
UR501,,13:46:50.0#,1963.0,1963.0,1946.0,2111.0,1833.0,17132,57754,1952.0,22,1953.0,14,1954.0,19,1955.0,49,1956.0,15,1957.0,42,1958.0,11,1959.0,23,1960.0,73,1961.0,18,1956.0
UR501,,13:46:50.250#,1963.0,1963.0,1946.0,2111.0,1833.0,17132,57754,1952.0,22,1953.0,14,1954.0,19,1955.0,49,1956.0,15,1957.0,41,1958.0,11,1959.0,23,1960.0,73,1961.0,18,1956.0
UR501,,13:46:50.500#,1963.0,1963.0,1946.0,2111.0,1833.0,17132,57754,1952.0,22,1953.0,14,1954.0,19,1955.0,49,1956.0,16,1957.0,41,1958.0,11,1959.0,23,1960.0,73,1961.0,18,1956.0
UR501,,13:46:51.250#,1963.0,1963.0,1946.0,2111.0,1833.0,17137,57752,1952.0,22,1953.0,14,1954.0,19,1955.0,49,1956.0,11,1957.0,36,1958.0,11,1959.0,23,1960.0,73,1961.0,18,1956.0
UR501,,13:46:51.500#,1963.0,1963.0,1946.0,2111.0,1833.0,17137,57752,1952.0,22,1953.0,14,1954.0,19,1955.0,49,1956.0,11,1957.0,37,1958.0,11,1959.0,23,1960.0,73,1961.0,18,1956.0
UR501,,13:46:52.500#,1963.0,1963.0,1946.0,2111.0,1833.0,17137,57752,1952.0,22,1953.0,14,1954.0,19,1955.0,49,1956.0,12,1957.0,37,1958.0,11,1959.0,23,1960.0,73,1961.0,18,1956.0
UR501,,13:46:53.500#,1963.0,1963.0,1946.0,2111.0,1833.0,17138,57751,1952.0,22,1953.0,14,1954.0,19,1955.0,49,1956.0,12,1957.0,36,1958.0,11,1959.0,23,1960.0,73,1961.0,18,1957.0
UR501,,13:46:54.0#,1963.0,1963.0,1946.0,2111.0,1833.0,17138,57751,1952.0,22,1953.0,14,1954.0,19,1955.0,49,1956.0,13,1957.0,36,1958.0,11,1959.0,23,1960.0,73,1961.0,18,1957.0
UR501,,13:46:56.0#,1963.0,1963.0,1946.0,2111.0,1833.0,17146,57745,1952.0,22,1953.0,14,1954.0,19,1955.0,49,1956.0,5,1957.0,28,1958.0,11,1959.0,23,1960.0,73,1961.0,18,1956.0
UR501,,13:46:56.250#,1963.0,1963.0,1946.0,2111.0,1833.0,17147,57744,1952.0,22,1953.0,14,1954.0,19,1955.0,51,1956.0,4,1957.0,27,1958.0,11,1959.0,23,1960.0,73,1961.0,18,1956.0
UR501,,13:46:57.250#,1963.0,1963.0,1946.0,2111.0,1833.0,17147,57744,1952.0,22,1953.0,14,1954.0,19,1955.0,51,1956.0,3,1957.0,27,1958.0,11,1959.0,23,1960.0,73,1961.0,18,1956.0
UR501,,13:46:57.500#,1963.0,1963.0,1946.0,2111.0,1833.0,17148,57743,1952.0,22,1953.0,14,1954.0,19,1955.0,51,1956.0,3,1957.0,26,1958.0,11,1959.0,23,1960.0,73,1961.0,18,1957.0
UR501,,13:47:02.0#,1963.0,1963.0,1946.0,2111.0,1833.0,17149,57743,1952.0,22,1953.0,14,1954.0,19,1955.0,51,1956.0,3,1957.0,25,1958.0,11,1959.0,23,1960.0,73,1961.0,18,1956.0
UR501,,13:47:02.250#,1963.0,1963.0,1946.0,2111.0,1833.0,17173,57733,1951.0,26,1952.0,22,1953.0,14,1954.0,19,1955.0,62,1957.0,25,1958.0,11,1959.0,23,1960.0,73,1961.0,18,1955.0
UR501,,13:47:02.500#,1963.0,1963.0,1946.0,2111.0,1833.0,17177,57733,1952.0,22,1953.0,14,1954.0,19,1955.0,54,1956.0,7,1957.0,25,1958.0,11,1959.0,23,1960.0,73,1961.0,18,1956.0
UR501,,13:47:02.750#,1963.0,1963.0,1946.0,2111.0,1833.0,17177,57733,1951.0,26,1952.0,22,1953.0,14,1954.0,19,1955.0,65,1957.0,25,1958.0,11,1959.0,23,1960.0,73,1961.0,18,1956.0
UR501,,13:47:04.250#,1963.0,1963.0,1946.0,2111.0,1833.0,17177,57733,1951.0,26,1952.0,22,1953.0,14,1954.0,19,1955.0,65,1957.0,25,1958.0,11,1959.0,23,1960.0,73,1961.0,18,1956.0
UR501,,13:47:07.750#,1963.0,1963.0,1946.0,2111.0,1833.0,17177,57733,1951.0,26,1952.0,22,1953.0,14,1954.0,19,1955.0,65,1957.0,25,1958.0,11,1959.0,23,1960.0,73,1961.0,18,1956.0
UR501,,13:47:08.250#,1963.0,1963.0,1946.0,2111.0,1833.0,17177,57733,1952.0,22,1953.0,14,1954.0,19,1955.0,54,1956.0,26,1957.0,25,1958.0,11,1959.0,23,1960.0,73,1961.0,18,1956.0
UR501,,13:47:09.500#,1963.0,1963.0,1946.0,2111.0,1833.0,17196,57714,1952.0,22,1953.0,14,1954.0,19,1955.0,54,1956.0,7,1957.0,6,1958.0,11,1959.0,23,1960.0,73,1961.0,18,1956.0
UR501,,13:47:09.750#,1963.0,1963.0,1946.0,2111.0,1833.0,17196,57714,1952.0,22,1953.0,14,1954.0,19,1955.0,54,1956.0,7,1957.0,22,1958.0,11,1959.0,23,1960.0,73,1961.0,18,1956.0
UR501,,13:47:10.0#,1963.0,1963.0,1946.0,2111.0,1833.0,17196,57714,1952.0,22,1953.0,14,1954.0,19,1955.0,54,1956.0,7,1957.0,26,1958.0,11,1959.0,23,1960.0,73,1961.0,18,1956.0
UR501,,13:47:11.750#,1963.0,1963.0,1946.0,2111.0,1833.0,17196,57714,1952.0,22,1953.0,14,1954.0,19,1955.0,54,1956.0,7,1957.0,26,1958.0,11,1959.0,23,1960.0,73,1961.0,18,1956.0
UR501,,13:47:13.500#,1963.0,1963.0,1946.0,2111.0,1833.0,17196,57714,1952.0,22,1953.0,14,1954.0,19,1955.0,54,1956.0,7,1957.0,27,1958.0,11,1959.0,23,1960.0,73,1961.0,18,1956.0
UR501,,13:47:13.750#,1963.0,1963.0,1946.0,2111.0,1833.0,17196,57714,1952.0,22,1953.0,14,1954.0,19,1955.0,54,1956.0,7,1957.0,26,1958.0,11,1959.0,23,1960.0,73,1961.0,18,1956.0
UR501,,13:47:16.250#,1963.0,1963.0,1946.0,2111.0,1833.0,17196,57714,1952.0,22,1953.0,14,1954.0,19,1955.0,54,1956.0,7,1957.0,26,1958.0,11,1959.0,23,1960.0,73,1961.0,18,1956.0
UR501,,13:47:16.750#,1963.0,1963.0,1946.0,2111.0,1833.0,17196,57714,1952.0,22,1953.0,14,1954.0,19,1955.0,55,1956.0,7,1957.0,26,1958.0,11,1959.0,23,1960.0,73,1961.0,18,1956.0
UR501,,13:47:18.750#,1963.0,1963.0,1946.0,2111.0,1833.0,17197,57714,1952.0,22,1953.0,14,1954.0,19,1955.0,55,1956.0,6,1957.0,25,1958.0,11,1959.0,23,1960.0,73,1961.0,18,1956.0
UR501,,13:47:19.750#,1963.0,1963.0,1946.0,2111.0,1833.0,17197,57714,1952.0,22,1953.0,14,1954.0,19,1955.0,55,1956.0,6,1957.0,19,1958.0,11,1959.0,23,1960.0,73,1961.0,18,1956.0
UR501,,13:47:20.750#,1963.0,1963.0,1946.0,2111.0,1833.0,17197,57714,1952.0,22,1953.0,14,1954.0,19,1955.0,55,1956.0,6,1957.0,14,1958.0,11,1959.0,23,1960.0,73,1961.0,18,1956.0
UR501,,13:47:21.0#,1963.0,1963.0,1946.0,2111.0,1833.0,17199,57714,1952.0,22,1953.0,14,1954.0,19,1955.0,55,1956.0,4,1957.0,12,1958.0,11,1959.0,23,1960.0,73,1961.0,18,1956.0
UR501,,13:47:21.500#,1963.0,1963.0,1946.0,2111.0,1833.0,17199,57714,1952.0,22,1953.0,14,1954.0,19,1955.0,55,1956.0,4,1957.0,12,1958.0,11,1959.0,23,1960.0,73,1961.0,18,1956.0
UR501,,13:47:23.0#,1963.0,1963.0,1946.0,2111.0,1833.0,17199,57714,1952.0,22,1953.0,14,1954.0,19,1955.0,55,1956.0,4,1957.0,12,1958.0,11,1959.0,24,1960.0,73,1961.0,18,1956.0
UR501,,13:47:23.500#,1963.0,1963.0,1946.0,2111.0,1833.0,17201,57713,1952.0,22,1953.0,14,1954.0,19,1955.0,55,1956.0,8,1957.0,20,1958.0,11,1959.0,24,1960.0,73,1961.0,18,1956.0
UR501,,13:47:24.500#,1963.0,1963.0,1946.0,2111.0,1833.0,17201,57713,1952.0,22,1953.0,14,1954.0,19,1955.0,55,1956.0,23,1957.0,20,1958.0,11,1959.0,24,1960.0,73,1961.0,18,1956.0
UR501,,13:47:24.750#,1963.0,1963.0,1946.0,2111.0,1833.0,17201,57713,1952.0,22,1953.0,14,1954.0,19,1955.0,55,1956.0,32,1957.0,20,1958.0,11,1959.0,24,1960.0,73,1961.0,18,1956.0
UR501,,13:47:25.250#,1963.0,1963.0,1946.0,2111.0,1833.0,17201,57713,1952.0,22,1953.0,14,1954.0,19,1955.0,55,1956.0,24,1958.0,23,1959.0,24,1960.0,73,1961.0,18,1962.0,21,1956.0
UR501,,13:47:25.750#,1963.0,1963.0,1946.0,2111.0,1833.0,17203,57713,1952.0,22,1953.0,14,1954.0,19,1955.0,55,1956.0,26,1958.0,23,1959.0,24,1960.0,73,1961.0,18,1962.0,21,1957.0
UR501,,13:47:26.0#,1963.0,1963.0,1946.0,2111.0,1833.0,17203,57713,1952.0,22,1953.0,14,1954.0,19,1955.0,59,1956.0,26,1958.0,23,1959.0,24,1960.0,73,1961.0,18,1962.0,21,1957.0
UR501,,13:47:28.750#,1963.0,1963.0,1946.0,2111.0,1833.0,17203,57713,1952.0,22,1953.0,14,1954.0,19,1955.0,59,1956.0,26,1958.0,23,1959.0,24,1960.0,73,1961.0,18,1962.0,22,1957.0
UR501,,13:47:29.500#,1963.0,1963.0,1946.0,2111.0,1833.0,17203,57713,1952.0,22,1953.0,14,1954.0,19,1955.0,59,1956.0,26,1958.0,23,1959.0,24,1960.0,73,1961.0,18,1962.0,22,1957.0
UR501,,13:47:32.250#,1963.0,1963.0,1946.0,2111.0,1833.0,17226,57707,1952.0,22,1953.0,14,1954.0,19,1955.0,59,1956.0,3,1958.0,23,1959.0,24,1960.0,73,1961.0,18,1962.0,22,1956.0
UR501,,13:47:32.500#,1963.0,1963.0,1946.0,2111.0,1833.0,17226,57707,1952.0,22,1953.0,14,1954.0,19,1955.0,59,1956.0,12,1957.0,8,1958.0,13,1959.0,24,1960.0,73,1961.0,18,1956.0
UR501,,13:47:32.750#,1963.0,1963.0,1946.0,2111.0,1833.0,17226,57707,1952.0,22,1953.0,14,1954.0,19,1955.0,59,1956.0,20,1957.0,6,1958.0,13,1959.0,24,1960.0,73,1961.0,18,1956.0
UR501,,13:47:33.0#,1963.0,1963.0,1946.0,2111.0,1833.0,17226,57707,1952.0,22,1953.0,14,1954.0,19,1955.0,59,1956.0,20,1957.0,5,1958.0,13,1959.0,24,1960.0,73,1961.0,18,1956.0
UR501,,13:47:33.250#,1963.0,1963.0,1946.0,2111.0,1833.0,17226,57707,1952.0,22,1953.0,14,1954.0,19,1955.0,56,1956.0,20,1957.0,5,1958.0,13,1959.0,24,1960.0,73,1961.0,18,1956.0
UR501,,13:47:36.250#,1963.0,1963.0,1946.0,2111.0,1833.0,17226,57707,1952.0,22,1953.0,14,1954.0,19,1955.0,52,1956.0,20,1957.0,5,1958.0,13,1959.0,24,1960.0,73,1961.0,18,1956.0
UR501,,13:47:40.500#,1963.0,1963.0,1946.0,2111.0,1833.0,17226,57707,1952.0,22,1953.0,14,1954.0,19,1955.0,52,1956.0,20,1957.0,5,1958.0,13,1959.0,23,1960.0,73,1961.0,18,1956.0
UR501,,13:47:40.750#,1963.0,1963.0,1946.0,2111.0,1833.0,17226,57707,1952.0,22,1953.0,14,1954.0,19,1955.0,52,1956.0,20,1957.0,9,1958.0,13,1959.0,23,1960.0,73,1961.0,18,1956.0
UR501,,13:47:43.250#,1963.0,1963.0,1946.0,2111.0,1833.0,17226,57707,1952.0,22,1953.0,14,1954.0,19,1955.0,52,1956.0,20,1957.0,10,1958.0,13,1959.0,23,1960.0,73,1961.0,18,1956.0
UR501,,13:47:43.500#,1963.0,1963.0,1946.0,2111.0,1833.0,17226,57707,1952.0,22,1953.0,14,1954.0,19,1955.0,53,1956.0,20,1957.0,11,1958.0,13,1959.0,23,1960.0,73,1961.0,18,1956.0
UR501,,13:47:43.750#,1963.0,1963.0,1946.0,2111.0,1833.0,17226,57707,1952.0,22,1953.0,15,1954.0,19,1955.0,53,1956.0,18,1957.0,11,1958.0,13,1959.0,23,1960.0,73,1961.0,18,1956.0
UR501,,13:47:44.250#,1963.0,1963.0,1946.0,2111.0,1833.0,17226,57707,1952.0,22,1953.0,15,1954.0,19,1955.0,53,1956.0,18,1957.0,13,1958.0,13,1959.0,23,1960.0,73,1961.0,18,1956.0
UR501,,13:47:44.500#,1963.0,1963.0,1946.0,2111.0,1833.0,17226,57707,1952.0,22,1953.0,15,1954.0,19,1955.0,53,1956.0,18,1957.0,13,1958.0,13,1959.0,23,1960.0,73,1961.0,18,1956.0
UR501,,13:47:45.0#,1963.0,1963.0,1946.0,2111.0,1833.0,17226,57707,1952.0,22,1953.0,15,1954.0,19,1955.0,53,1956.0,12,1957.0,13,1958.0,13,1959.0,23,1960.0,73,1961.0,18,1956.0
UR501,,13:47:45.250#,1963.0,1963.0,1946.0,2111.0,1833.0,17226,57707,1951.0,26,1952.0,22,1953.0,15,1954.0,19,1955.0,64,1957.0,25,1958.0,13,1959.0,23,1960.0,73,1961.0,18,1956.0
UR501,,13:47:54.0#,1963.0,1963.0,1946.0,2111.0,1833.0,17226,57707,1951.0,26,1952.0,22,1953.0,15,1954.0,19,1955.0,64,1957.0,25,1958.0,13,1959.0,23,1960.0,74,1961.0,18,1956.0
UR501,,13:47:54.250#,1963.0,1963.0,1946.0,2111.0,1833.0,17226,57707,1951.0,26,1952.0,22,1953.0,15,1954.0,19,1955.0,65,1957.0,23,1958.0,13,1959.0,23,1960.0,74,1961.0,18,1956.0
UR501,,13:47:54.500#,1963.0,1963.0,1946.0,2111.0,1833.0,17226,57707,1951.0,26,1952.0,22,1953.0,15,1954.0,20,1955.0,65,1957.0,22,1958.0,13,1959.0,23,1960.0,74,1961.0,18,1956.0
UR501,,13:47:57.500#,1963.0,1963.0,1946.0,2111.0,1833.0,17250,57684,1951.0,26,1952.0,22,1953.0,15,1954.0,20,1955.0,77,1957.0,22,1958.0,13,1959.0,23,1960.0,74,1961.0,18,1955.0
UR501,,13:47:57.750#,1963.0,1963.0,1946.0,2111.0,1833.0,17250,57684,1952.0,22,1953.0,15,1954.0,20,1955.0,55,1956.0,6,1957.0,22,1958.0,13,1959.0,23,1960.0,74,1961.0,18,1955.0
UR501,,13:47:58.0#,1963.0,1963.0,1946.0,2111.0,1833.0,17250,57684,1951.0,26,1952.0,22,1953.0,15,1954.0,20,1955.0,78,1957.0,25,1958.0,13,1959.0,23,1960.0,74,1961.0,18,1955.0
UR501,,13:47:58.750#,1963.0,1963.0,1946.0,2111.0,1833.0,17250,57684,1952.0,22,1953.0,15,1954.0,20,1955.0,55,1956.0,6,1957.0,25,1958.0,13,1959.0,23,1960.0,74,1961.0,18,1955.0
UR501,,13:47:59.0#,1963.0,1963.0,1946.0,2111.0,1833.0,17250,57684,1951.0,26,1952.0,22,1953.0,15,1954.0,20,1955.0,78,1957.0,25,1958.0,13,1959.0,23,1960.0,74,1961.0,18,1955.0
UR501,,13:47:59.250#,1963.0,1963.0,1946.0,2111.0,1833.0,17250,57684,1952.0,22,1953.0,15,1954.0,20,1955.0,55,1956.0,6,1957.0,25,1958.0,13,1959.0,23,1960.0,74,1961.0,18,1955.0
UR501,,13:47:59.500#,1963.0,1963.0,1946.0,2111.0,1833.0,17250,57684,1951.0,26,1952.0,22,1953.0,15,1954.0,20,1955.0,78,1957.0,25,1958.0,13,1959.0,23,1960.0,74,1961.0,18,1955.0
UR501,,13:47:59.750#,1963.0,1963.0,1946.0,2111.0,1833.0,17250,57684,1952.0,22,1953.0,15,1954.0,20,1955.0,55,1956.0,6,1957.0,25,1958.0,13,1959.0,23,1960.0,74,1961.0,18,1955.0
UR501,,13:48:00.0#,1963.0,1963.0,1946.0,2111.0,1833.0,17250,57684,1951.0,26,1952.0,22,1953.0,15,1954.0,20,1955.0,78,1957.0,25,1958.0,13,1959.0,23,1960.0,74,1961.0,18,1955.0
UR501,,13:48:00.250#,1963.0,1963.0,1946.0,2111.0,1833.0,17250,57684,1952.0,22,1953.0,15,1954.0,20,1955.0,55,1956.0,15,1957.0,25,1958.0,13,1959.0,23,1960.0,74,1961.0,18,1955.0
UR501,,13:48:00.500#,1963.0,1963.0,1946.0,2111.0,1833.0,17250,57684,1952.0,22,1953.0,15,1954.0,20,1955.0,55,1956.0,17,1957.0,13,1958.0,13,1959.0,23,1960.0,74,1961.0,18,1955.0
UR501,,13:48:00.750#,1963.0,1963.0,1946.0,2111.0,1833.0,17250,57684,1952.0,22,1953.0,15,1954.0,20,1955.0,55,1956.0,19,1957.0,13,1958.0,13,1959.0,23,1960.0,74,1961.0,18,1955.0
UR501,,13:48:01.250#,1963.0,1963.0,1946.0,2111.0,1833.0,17250,57684,1952.0,22,1953.0,15,1954.0,20,1955.0,55,1956.0,19,1957.0,13,1958.0,13,1959.0,23,1960.0,74,1961.0,18,1955.0
UR501,,13:48:01.500#,1963.0,1963.0,1946.0,2111.0,1833.0,17250,57684,1952.0,22,1953.0,15,1954.0,20,1955.0,55,1956.0,12,1957.0,14,1958.0,13,1959.0,23,1960.0,74,1961.0,18,1955.0
UR501,,13:48:01.750#,1963.0,1963.0,1946.0,2111.0,1833.0,17250,57684,1952.0,22,1953.0,15,1954.0,20,1955.0,55,1956.0,12,1957.0,14,1958.0,13,1959.0,23,1960.0,74,1961.0,18,1955.0
UR501,,13:48:02.250#,1963.0,1963.0,1946.0,2111.0,1833.0,17274,57669,1951.0,26,1952.0,22,1953.0,15,1954.0,20,1955.0,66,1957.0,14,1958.0,13,1959.0,23,1960.0,74,1961.0,18,1955.0
UR501,,13:48:02.500#,1963.0,1963.0,1946.0,2111.0,1833.0,17274,57669,1952.0,22,1953.0,15,1954.0,20,1955.0,55,1956.0,7,1957.0,14,1958.0,13,1959.0,23,1960.0,74,1961.0,18,1955.0
UR501,,13:48:02.750#,1963.0,1963.0,1946.0,2111.0,1833.0,17274,57669,1951.0,26,1952.0,22,1953.0,15,1954.0,20,1955.0,66,1957.0,17,1958.0,13,1959.0,23,1960.0,74,1961.0,18,1955.0
UR501,,13:48:03.0#,1963.0,1963.0,1946.0,2111.0,1833.0,17274,57669,1952.0,22,1953.0,15,1954.0,20,1955.0,55,1956.0,13,1957.0,14,1958.0,13,1959.0,22,1960.0,74,1961.0,18,1955.0
UR501,,13:48:04.0#,1963.0,1963.0,1946.0,2111.0,1833.0,17274,57669,1952.0,22,1953.0,15,1954.0,20,1955.0,55,1956.0,13,1957.0,15,1958.0,13,1959.0,22,1960.0,74,1961.0,18,1955.0
UR501,,13:48:04.250#,1963.0,1963.0,1946.0,2111.0,1833.0,17274,57669,1952.0,22,1953.0,15,1954.0,20,1955.0,55,1956.0,6,1957.0,15,1958.0,13,1959.0,22,1960.0,74,1961.0,18,1955.0
UR501,,13:48:04.500#,1963.0,1963.0,1946.0,2111.0,1833.0,17274,57669,1952.0,22,1953.0,15,1954.0,20,1955.0,55,1956.0,6,1957.0,18,1958.0,13,1959.0,22,1960.0,74,1961.0,18,1955.0
UR501,,13:48:05.500#,1963.0,1963.0,1946.0,2111.0,1833.0,17274,57669,1952.0,22,1953.0,15,1954.0,20,1955.0,55,1956.0,6,1957.0,18,1958.0,13,1959.0,22,1960.0,74,1961.0,18,1955.0
UR501,,13:48:05.750#,1963.0,1963.0,1946.0,2111.0,1833.0,17274,57669,1951.0,26,1952.0,22,1953.0,15,1954.0,20,1955.0,66,1957.0,18,1958.0,13,1959.0,22,1960.0,74,1961.0,18,1955.0
UR501,,13:48:06.0#,1963.0,1963.0,1946.0,2111.0,1833.0,17274,57669,1952.0,22,1953.0,15,1954.0,20,1955.0,55,1956.0,19,1957.0,15,1958.0,13,1959.0,22,1960.0,74,1961.0,18,1955.0
UR501,,13:48:06.500#,1963.0,1963.0,1946.0,2111.0,1833.0,17274,57669,1952.0,22,1953.0,15,1954.0,20,1955.0,55,1956.0,18,1957.0,15,1958.0,13,1959.0,22,1960.0,74,1961.0,18,1955.0
UR501,,13:48:07.500#,1963.0,1963.0,1946.0,2111.0,1833.0,17274,57669,1952.0,22,1953.0,15,1954.0,20,1955.0,55,1956.0,11,1957.0,21,1958.0,13,1959.0,22,1960.0,74,1961.0,18,1955.0
UR501,,13:48:07.750#,1963.0,1963.0,1946.0,2111.0,1833.0,17274,57669,1952.0,22,1953.0,15,1954.0,20,1955.0,55,1956.0,5,1957.0,24,1958.0,13,1959.0,22,1960.0,74,1961.0,18,1955.0
UR501,,13:48:08.0#,1963.0,1963.0,1946.0,2111.0,1833.0,17274,57669,1951.0,26,1952.0,22,1953.0,15,1954.0,20,1955.0,66,1957.0,24,1958.0,13,1959.0,22,1960.0,74,1961.0,18,1955.0
UR501,,13:48:08.250#,1963.0,1963.0,1946.0,2111.0,1833.0,17275,57669,1952.0,22,1953.0,15,1954.0,20,1955.0,55,1956.0,5,1957.0,24,1958.0,13,1959.0,22,1960.0,74,1961.0,18,1956.0
UR501,,13:48:08.500#,1963.0,1963.0,1946.0,2111.0,1833.0,17275,57669,1951.0,26,1952.0,22,1953.0,15,1954.0,20,1955.0,66,1957.0,24,1958.0,13,1959.0,22,1960.0,74,1961.0,18,1956.0
UR501,,13:48:10.250#,1963.0,1963.0,1946.0,2111.0,1833.0,17275,57669,1951.0,26,1952.0,22,1953.0,15,1954.0,20,1955.0,67,1957.0,24,1958.0,13,1959.0,22,1960.0,74,1961.0,18,1956.0
UR501,,13:48:15.500#,1963.0,1963.0,1946.0,2111.0,1833.0,17275,57669,1951.0,27,1952.0,22,1953.0,15,1954.0,20,1955.0,67,1957.0,24,1958.0,13,1959.0,22,1960.0,74,1961.0,18,1956.0
UR501,,13:48:15.750#,1963.0,1963.0,1946.0,2111.0,1833.0,17275,57669,1951.0,27,1952.0,22,1953.0,15,1954.0,20,1955.0,67,1956.0,2,1957.0,24,1958.0,13,1959.0,22,1960.0,74,1956.0
UR501,,13:48:16.0#,1963.0,1963.0,1946.0,2111.0,1833.0,17275,57669,1951.0,27,1952.0,22,1953.0,15,1954.0,20,1955.0,67,1956.0,13,1957.0,26,1958.0,17,1959.0,22,1960.0,78,1956.0
UR501,,13:48:16.250#,1963.0,1963.0,1946.0,2111.0,1833.0,17275,57669,1951.0,27,1952.0,22,1953.0,15,1954.0,20,1955.0,63,1956.0,13,1957.0,26,1958.0,17,1959.0,22,1960.0,78,1956.0
UR501,,13:48:27.750#,1963.0,1963.0,1946.0,2111.0,1833.0,17276,57668,1951.0,27,1952.0,22,1953.0,15,1954.0,20,1955.0,63,1956.0,11,1957.0,26,1958.0,17,1959.0,22,1960.0,78,1956.0
UR501,,13:48:28.0#,1963.0,1963.0,1946.0,2111.0,1833.0,17276,57668,1951.0,27,1952.0,22,1953.0,15,1954.0,20,1955.0,63,1956.0,2,1957.0,26,1958.0,17,1959.0,22,1960.0,78,1956.0
UR501,,13:48:28.250#,1963.0,1963.0,1946.0,2111.0,1833.0,17276,57668,1951.0,27,1952.0,22,1953.0,15,1954.0,20,1955.0,63,1957.0,26,1958.0,17,1959.0,22,1960.0,78,1961.0,18,1956.0
UR501,,13:48:32.250#,1963.0,1963.0,1946.0,2111.0,1833.0,17300,57644,1951.0,27,1952.0,22,1953.0,15,1954.0,20,1955.0,62,1957.0,26,1958.0,17,1959.0,22,1960.0,78,1961.0,18,1955.0
UR501,,13:48:35.500#,1963.0,1963.0,1946.0,2111.0,1833.0,17300,57644,1951.0,27,1952.0,22,1953.0,15,1954.0,20,1955.0,63,1957.0,26,1958.0,17,1959.0,22,1960.0,78,1961.0,18,1955.0
UR501,,13:48:38.500#,1963.0,1963.0,1946.0,2111.0,1833.0,17300,57644,1951.0,27,1952.0,22,1953.0,15,1954.0,20,1955.0,63,1957.0,26,1958.0,13,1959.0,22,1960.0,78,1961.0,18,1955.0
UR501,,13:48:39.0#,1963.0,1963.0,1946.0,2111.0,1833.0,17300,57644,1951.0,27,1952.0,22,1953.0,15,1954.0,20,1955.0,66,1957.0,26,1958.0,13,1959.0,22,1960.0,78,1961.0,18,1955.0
UR501,,13:48:43.500#,1963.0,1963.0,1946.0,2111.0,1833.0,17300,57644,1952.0,22,1953.0,15,1954.0,20,1955.0,56,1956.0,1,1957.0,26,1958.0,13,1959.0,22,1960.0,78,1961.0,18,1955.0
UR501,,13:48:43.750#,1963.0,1963.0,1946.0,2111.0,1833.0,17300,57644,1951.0,27,1952.0,22,1953.0,15,1954.0,20,1955.0,66,1957.0,26,1958.0,13,1959.0,22,1960.0,78,1961.0,18,1955.0
UR501,,13:48:44.0#,1963.0,1963.0,1946.0,2111.0,1833.0,17300,57644,1952.0,22,1953.0,15,1954.0,20,1955.0,56,1956.0,7,1957.0,26,1958.0,13,1959.0,22,1960.0,78,1961.0,18,1955.0
UR501,,13:48:44.250#,1963.0,1963.0,1946.0,2111.0,1833.0,17300,57644,1951.0,27,1952.0,22,1953.0,15,1954.0,20,1955.0,66,1957.0,26,1958.0,13,1959.0,22,1960.0,78,1961.0,18,1955.0
UR501,,13:48:44.500#,1963.0,1963.0,1946.0,2111.0,1833.0,17300,57644,1952.0,22,1953.0,15,1954.0,20,1955.0,56,1956.0,7,1957.0,26,1958.0,13,1959.0,22,1960.0,78,1961.0,18,1955.0
UR501,,13:48:44.750#,1963.0,1963.0,1946.0,2111.0,1833.0,17300,57644,1951.0,27,1952.0,22,1953.0,15,1954.0,20,1955.0,66,1957.0,26,1958.0,13,1959.0,22,1960.0,78,1961.0,18,1955.0
UR501,,13:48:45.0#,1963.0,1963.0,1946.0,2111.0,1833.0,17300,57644,1952.0,22,1953.0,15,1954.0,20,1955.0,56,1956.0,7,1957.0,26,1958.0,13,1959.0,22,1960.0,78,1961.0,18,1955.0
UR501,,13:48:45.250#,1963.0,1963.0,1946.0,2111.0,1833.0,17300,57644,1951.0,27,1952.0,22,1953.0,15,1954.0,20,1955.0,66,1957.0,26,1958.0,13,1959.0,22,1960.0,78,1961.0,18,1955.0
UR501,,13:48:45.500#,1963.0,1963.0,1946.0,2111.0,1833.0,17300,57644,1952.0,22,1953.0,15,1954.0,20,1955.0,56,1956.0,7,1957.0,26,1958.0,13,1959.0,22,1960.0,78,1961.0,18,1955.0
UR501,,13:48:45.750#,1963.0,1963.0,1946.0,2111.0,1833.0,17300,57644,1951.0,27,1952.0,22,1953.0,15,1954.0,20,1955.0,66,1957.0,26,1958.0,13,1959.0,22,1960.0,78,1961.0,18,1955.0
UR501,,13:48:46.0#,1963.0,1963.0,1946.0,2111.0,1833.0,17300,57644,1952.0,22,1953.0,15,1954.0,20,1955.0,56,1956.0,1,1957.0,26,1958.0,13,1959.0,22,1960.0,78,1961.0,18,1955.0
UR501,,13:48:46.250#,1963.0,1963.0,1946.0,2111.0,1833.0,17300,57644,1951.0,27,1952.0,22,1953.0,15,1954.0,20,1955.0,66,1957.0,26,1958.0,13,1959.0,22,1960.0,78,1961.0,18,1955.0
UR501,,13:48:46.750#,1963.0,1963.0,1946.0,2111.0,1833.0,17300,57644,1951.0,27,1952.0,22,1953.0,15,1954.0,20,1955.0,66,1957.0,26,1958.0,13,1959.0,22,1960.0,78,1961.0,18,1955.0
UR501,,13:48:47.0#,1963.0,1963.0,1946.0,2111.0,1833.0,17300,57644,1952.0,22,1953.0,15,1954.0,20,1955.0,56,1956.0,1,1957.0,26,1958.0,13,1959.0,22,1960.0,78,1961.0,18,1955.0
UR501,,13:48:47.250#,1963.0,1963.0,1946.0,2111.0,1833.0,17300,57644,1951.0,27,1952.0,22,1953.0,15,1954.0,20,1955.0,66,1957.0,26,1958.0,13,1959.0,22,1960.0,78,1961.0,18,1955.0
UR501,,13:48:48.750#,1963.0,1963.0,1946.0,2111.0,1833.0,17300,57644,1951.0,27,1952.0,22,1953.0,15,1954.0,20,1955.0,65,1957.0,26,1958.0,13,1959.0,22,1960.0,78,1961.0,18,1955.0
UR501,,13:48:51.750#,1963.0,1963.0,1946.0,2111.0,1833.0,17300,57644,1952.0,22,1953.0,15,1954.0,20,1955.0,55,1956.0,1,1957.0,26,1958.0,13,1959.0,22,1960.0,78,1961.0,18,1955.0
UR501,,13:48:52.0#,1963.0,1963.0,1946.0,2111.0,1833.0,17300,57644,1951.0,27,1952.0,22,1953.0,15,1954.0,20,1955.0,65,1957.0,26,1958.0,13,1959.0,22,1960.0,78,1961.0,18,1955.0
UR501,,13:48:52.250#,1963.0,1963.0,1946.0,2111.0,1833.0,17300,57644,1952.0,22,1953.0,15,1954.0,20,1955.0,55,1956.0,7,1957.0,26,1958.0,13,1959.0,22,1960.0,78,1961.0,18,1955.0
UR501,,13:48:52.500#,1963.0,1963.0,1946.0,2111.0,1833.0,17300,57644,1952.0,22,1953.0,15,1954.0,20,1955.0,55,1956.0,6,1957.0,26,1958.0,13,1959.0,22,1960.0,78,1961.0,18,1955.0
UR501,,13:48:53.0#,1963.0,1963.0,1946.0,2111.0,1833.0,17300,57644,1951.0,27,1952.0,22,1953.0,15,1954.0,20,1955.0,65,1957.0,26,1958.0,13,1959.0,22,1960.0,78,1961.0,18,1955.0
UR501,,13:48:53.750#,1963.0,1963.0,1946.0,2111.0,1833.0,17300,57644,1951.0,27,1952.0,22,1953.0,15,1954.0,20,1955.0,65,1956.0,1,1957.0,26,1958.0,13,1959.0,22,1960.0,78,1955.0
UR501,,13:48:54.0#,1963.0,1963.0,1946.0,2111.0,1833.0,17300,57644,1951.0,27,1952.0,22,1953.0,15,1954.0,20,1955.0,65,1956.0,2,1957.0,26,1958.0,17,1959.0,22,1960.0,78,1955.0
UR501,,13:48:54.250#,1963.0,1963.0,1946.0,2111.0,1833.0,17300,57644,1951.0,27,1952.0,22,1953.0,15,1954.0,20,1955.0,63,1956.0,3,1957.0,26,1958.0,17,1959.0,22,1960.0,78,1955.0
UR501,,13:48:56.0#,1963.0,1963.0,1946.0,2111.0,1833.0,17300,57644,1951.0,27,1952.0,22,1953.0,15,1954.0,20,1955.0,63,1956.0,4,1957.0,26,1958.0,17,1959.0,22,1960.0,78,1955.0
UR501,,13:48:56.250#,1963.0,1963.0,1946.0,2111.0,1833.0,17300,57644,1951.0,27,1952.0,22,1953.0,15,1954.0,20,1955.0,63,1956.0,8,1957.0,26,1958.0,17,1959.0,22,1960.0,78,1955.0
UR501,,13:48:57.500#,1963.0,1963.0,1946.0,2111.0,1833.0,17300,57644,1951.0,27,1952.0,22,1953.0,15,1954.0,20,1955.0,63,1956.0,8,1957.0,26,1958.0,17,1959.0,22,1960.0,78,1955.0
UR501,,13:49:01.500#,1963.0,1963.0,1946.0,2111.0,1833.0,17302,57642,1951.0,27,1952.0,22,1953.0,15,1954.0,20,1955.0,59,1956.0,14,1957.0,23,1958.0,15,1959.0,22,1960.0,78,1955.0
UR501,,13:49:02.0#,1963.0,1963.0,1946.0,2111.0,1833.0,17302,57642,1951.0,27,1952.0,22,1953.0,15,1954.0,20,1955.0,57,1956.0,17,1957.0,23,1958.0,15,1959.0,22,1960.0,78,1955.0
UR501,,13:49:02.250#,1963.0,1963.0,1946.0,2111.0,1833.0,17325,57630,1951.0,27,1952.0,22,1953.0,15,1954.0,20,1955.0,37,1956.0,26,1957.0,23,1958.0,15,1959.0,22,1960.0,78,1955.0
UR501,,13:49:02.500#,1963.0,1963.0,1946.0,2111.0,1833.0,17325,57630,1951.0,27,1952.0,22,1953.0,15,1954.0,20,1955.0,37,1956.0,36,1957.0,23,1958.0,15,1959.0,22,1960.0,78,1955.0
UR501,,13:49:05.250#,1963.0,1963.0,1946.0,2111.0,1833.0,17325,57630,1951.0,27,1952.0,22,1953.0,15,1954.0,20,1955.0,37,1956.0,51,1957.0,23,1958.0,15,1959.0,22,1960.0,78,1955.0
UR501,,13:49:05.500#,1963.0,1963.0,1946.0,2111.0,1833.0,17325,57630,1951.0,27,1952.0,22,1953.0,15,1954.0,20,1955.0,37,1956.0,56,1957.0,23,1958.0,15,1959.0,22,1960.0,78,1955.0
UR501,,13:49:05.750#,1963.0,1963.0,1946.0,2111.0,1833.0,17325,57630,1951.0,27,1952.0,22,1953.0,15,1954.0,20,1955.0,37,1956.0,62,1957.0,23,1958.0,15,1959.0,22,1960.0,78,1955.0
UR501,,13:49:07.250#,1963.0,1963.0,1946.0,2111.0,1833.0,17325,57630,1951.0,27,1952.0,22,1953.0,15,1954.0,20,1955.0,37,1956.0,63,1957.0,23,1958.0,15,1959.0,22,1960.0,78,1955.0
UR501,,13:49:07.750#,1963.0,1963.0,1946.0,2111.0,1833.0,17329,57630,1951.0,27,1952.0,22,1953.0,15,1954.0,20,1955.0,33,1956.0,63,1957.0,23,1958.0,15,1959.0,22,1960.0,78,1955.0
UR501,,13:49:08.250#,1963.0,1963.0,1946.0,2111.0,1833.0,17329,57630,1951.0,27,1952.0,22,1953.0,15,1954.0,20,1955.0,33,1956.0,61,1957.0,23,1958.0,15,1959.0,22,1960.0,78,1955.0
UR501,,13:49:08.500#,1963.0,1963.0,1946.0,2111.0,1833.0,17329,57630,1951.0,27,1952.0,22,1953.0,15,1954.0,20,1955.0,33,1956.0,56,1957.0,23,1958.0,15,1959.0,22,1960.0,78,1955.0
UR501,,13:49:08.750#,1963.0,1963.0,1946.0,2111.0,1833.0,17329,57630,1951.0,27,1952.0,22,1953.0,15,1954.0,20,1955.0,33,1956.0,52,1957.0,23,1958.0,15,1959.0,22,1960.0,78,1955.0
UR501,,13:49:09.0#,1963.0,1963.0,1946.0,2111.0,1833.0,17329,57630,1951.0,27,1952.0,22,1953.0,15,1954.0,20,1955.0,33,1956.0,59,1957.0,23,1958.0,15,1959.0,22,1960.0,78,1955.0
UR501,,13:49:11.500#,1963.0,1963.0,1946.0,2111.0,1833.0,17329,57630,1951.0,27,1952.0,22,1953.0,15,1954.0,20,1955.0,33,1956.0,11,1957.0,23,1958.0,15,1959.0,22,1960.0,78,1955.0
UR501,,13:49:11.750#,1963.0,1963.0,1946.0,2111.0,1833.0,17329,57630,1951.0,27,1952.0,22,1953.0,15,1954.0,20,1955.0,33,1956.0,16,1957.0,23,1958.0,15,1959.0,22,1960.0,78,1955.0
UR501,,13:49:14.750#,1963.0,1963.0,1946.0,2111.0,1833.0,17329,57630,1951.0,27,1952.0,22,1953.0,15,1954.0,20,1955.0,33,1956.0,18,1957.0,23,1958.0,15,1959.0,22,1960.0,78,1955.0
UR501,,13:49:22.0#,1963.0,1963.0,1946.0,2111.0,1833.0,17329,57630,1951.0,27,1952.0,22,1953.0,15,1954.0,20,1955.0,33,1956.0,14,1957.0,23,1958.0,15,1959.0,22,1960.0,78,1955.0
UR501,,13:49:28.0#,1963.0,1963.0,1946.0,2111.0,1833.0,17329,57630,1951.0,27,1952.0,22,1953.0,15,1954.0,20,1955.0,36,1956.0,14,1957.0,23,1958.0,15,1959.0,22,1960.0,78,1955.0
UR501,,13:49:28.250#,1963.0,1963.0,1946.0,2111.0,1833.0,17329,57630,1951.0,27,1952.0,22,1953.0,15,1954.0,20,1955.0,36,1956.0,10,1957.0,23,1958.0,15,1959.0,22,1960.0,78,1955.0
UR501,,13:49:28.500#,1963.0,1963.0,1946.0,2111.0,1833.0,17329,57630,1951.0,27,1952.0,22,1953.0,15,1954.0,20,1955.0,37,1956.0,10,1957.0,23,1958.0,15,1959.0,22,1960.0,78,1955.0
UR501,,13:49:28.750#,1963.0,1963.0,1946.0,2111.0,1833.0,17329,57630,1951.0,27,1952.0,22,1953.0,15,1954.0,20,1955.0,37,1956.0,8,1957.0,23,1958.0,15,1959.0,22,1960.0,78,1955.0
