InstrumentId,ExchangeId,Datetime,OpenPrice,HighestPrice,LowestPrice,UpperLimitPrice,LowerLimitPrice,Volume,OpenInterest,BidPrice5,BidVolume5,BidPrice4,BidVolume4,BidPrice3,BidVolume3,BidPrice2,BidVolume2,BidPrice1,BidVolume1,AskPrice1,AskVolume1,AskPrice2,AskVolume2,AskPrice3,AskVolume3,AskPrice4,AskVolume4,AskPrice5,AskVolume5,LastPrice
v2409,DCE,13:38:33.733#,5835.0,5877.0,5797.0,6197.0,5497.0,580960,906219.0,5839.0,235,5840.0,925,5841.0,191,5842.0,274,5843.0,320,5844.0,89,5845.0,154,5846.0,232,5847.0,138,5848.0,134,5843.0
v2409,DCE,13:38:34.60#,5835.0,5877.0,5797.0,6197.0,5497.0,580962,906219.0,5839.0,235,5840.0,925,5841.0,191,5842.0,274,5843.0,319,5844.0,88,5845.0,154,5846.0,232,5847.0,138,5848.0,134,5843.0
v2409,DCE,13:38:34.116#,5835.0,5877.0,5797.0,6197.0,5497.0,580963,906220.0,5839.0,235,5840.0,925,5841.0,191,5842.0,274,5843.0,318,5844.0,88,5845.0,154,5846.0,232,5847.0,138,5848.0,134,5843.0
v2409,DCE,13:38:34.490#,5835.0,5877.0,5797.0,6197.0,5497.0,580965,906218.0,5839.0,235,5840.0,925,5841.0,192,5842.0,274,5843.0,318,5844.0,86,5845.0,154,5846.0,232,5847.0,138,5848.0,134,5844.0
v2409,DCE,13:38:34.711#,5835.0,5877.0,5797.0,6197.0,5497.0,580965,906218.0,5839.0,235,5840.0,927,5841.0,172,5842.0,275,5843.0,318,5844.0,86,5845.0,154,5846.0,232,5847.0,138,5848.0,132,5844.0
v2409,DCE,13:38:35.70#,5835.0,5877.0,5797.0,6197.0,5497.0,580966,906218.0,5839.0,235,5840.0,925,5841.0,172,5842.0,296,5843.0,319,5844.0,85,5845.0,153,5846.0,232,5847.0,138,5848.0,132,5844.0
v2409,DCE,13:38:35.81#,5835.0,5877.0,5797.0,6197.0,5497.0,580966,906218.0,5839.0,235,5840.0,927,5841.0,172,5842.0,296,5843.0,319,5844.0,86,5845.0,152,5846.0,232,5847.0,138,5848.0,132,5844.0
v2409,DCE,13:38:35.472#,5835.0,5877.0,5797.0,6197.0,5497.0,580969,906215.0,5839.0,235,5840.0,925,5841.0,172,5842.0,297,5843.0,316,5844.0,83,5845.0,153,5846.0,232,5847.0,138,5848.0,132,5844.0
v2409,DCE,13:38:35.656#,5835.0,5877.0,5797.0,6197.0,5497.0,580975,906212.0,5839.0,235,5840.0,927,5841.0,172,5842.0,297,5843.0,313,5844.0,80,5845.0,148,5846.0,232,5847.0,138,5848.0,132,5844.0
v2409,DCE,13:38:36.2#,5835.0,5877.0,5797.0,6197.0,5497.0,580975,906212.0,5839.0,235,5840.0,927,5841.0,172,5842.0,297,5843.0,312,5844.0,81,5845.0,148,5846.0,232,5847.0,138,5848.0,132,5844.0
v2409,DCE,13:38:36.136#,5835.0,5877.0,5797.0,6197.0,5497.0,580976,906213.0,5839.0,235,5840.0,927,5841.0,172,5842.0,297,5843.0,311,5844.0,81,5845.0,153,5846.0,232,5847.0,138,5848.0,134,5843.0
v2409,DCE,13:38:36.410#,5835.0,5877.0,5797.0,6197.0,5497.0,580976,906213.0,5839.0,235,5840.0,927,5841.0,172,5842.0,297,5843.0,311,5844.0,82,5845.0,153,5846.0,232,5847.0,138,5848.0,134,5843.0
v2409,DCE,13:38:36.640#,5835.0,5877.0,5797.0,6197.0,5497.0,580977,906212.0,5839.0,235,5840.0,927,5841.0,172,5842.0,297,5843.0,311,5844.0,81,5845.0,153,5846.0,232,5847.0,138,5848.0,134,5844.0
v2409,DCE,13:38:36.843#,5835.0,5877.0,5797.0,6197.0,5497.0,580981,906212.0,5839.0,235,5840.0,929,5841.0,172,5842.0,297,5843.0,311,5844.0,77,5845.0,153,5846.0,232,5847.0,138,5848.0,132,5844.0
v2409,DCE,13:38:37.306#,5835.0,5877.0,5797.0,6197.0,5497.0,580981,906212.0,5839.0,235,5840.0,929,5841.0,172,5842.0,298,5843.0,312,5844.0,77,5845.0,153,5846.0,232,5847.0,138,5848.0,130,5844.0
v2409,DCE,13:38:37.374#,5835.0,5877.0,5797.0,6197.0,5497.0,580982,906212.0,5839.0,235,5840.0,931,5841.0,172,5842.0,298,5843.0,312,5844.0,76,5845.0,153,5846.0,232,5847.0,138,5848.0,130,5844.0
v2409,DCE,13:38:37.780#,5835.0,5877.0,5797.0,6197.0,5497.0,580982,906212.0,5839.0,235,5840.0,931,5841.0,172,5842.0,298,5843.0,313,5844.0,76,5845.0,152,5846.0,232,5847.0,138,5848.0,130,5844.0
v2409,DCE,13:38:37.969#,5835.0,5877.0,5797.0,6197.0,5497.0,580982,906212.0,5839.0,237,5840.0,931,5841.0,172,5842.0,298,5843.0,313,5844.0,77,5845.0,152,5846.0,232,5847.0,138,5848.0,130,5844.0
v2409,DCE,13:38:38.290#,5835.0,5877.0,5797.0,6197.0,5497.0,580982,906212.0,5839.0,237,5840.0,931,5841.0,172,5842.0,298,5843.0,314,5844.0,78,5845.0,152,5846.0,232,5847.0,138,5848.0,130,5844.0
v2409,DCE,13:38:38.404#,5835.0,5877.0,5797.0,6197.0,5497.0,580982,906212.0,5839.0,237,5840.0,931,5841.0,172,5842.0,298,5843.0,316,5844.0,78,5845.0,152,5846.0,232,5847.0,138,5848.0,130,5844.0
v2409,DCE,13:38:38.719#,5835.0,5877.0,5797.0,6197.0,5497.0,580987,906212.0,5839.0,237,5840.0,931,5841.0,172,5842.0,298,5843.0,311,5844.0,79,5845.0,152,5846.0,232,5847.0,138,5848.0,130,5843.0
v2409,DCE,13:38:38.930#,5835.0,5877.0,5797.0,6197.0,5497.0,580987,906212.0,5839.0,237,5840.0,929,5841.0,172,5842.0,298,5843.0,311,5844.0,81,5845.0,152,5846.0,232,5847.0,138,5848.0,132,5843.0
v2409,DCE,13:38:39.287#,5835.0,5877.0,5797.0,6197.0,5497.0,580995,906212.0,5839.0,237,5840.0,929,5841.0,172,5842.0,298,5843.0,311,5844.0,75,5845.0,153,5846.0,232,5847.0,138,5848.0,132,5844.0
v2409,DCE,13:38:39.372#,5835.0,5877.0,5797.0,6197.0,5497.0,580996,906213.0,5839.0,237,5840.0,929,5841.0,172,5842.0,298,5843.0,310,5844.0,75,5845.0,153,5846.0,232,5847.0,138,5848.0,132,5843.0
v2409,DCE,13:38:39.594#,5835.0,5877.0,5797.0,6197.0,5497.0,580996,906213.0,5839.0,237,5840.0,927,5841.0,172,5842.0,298,5843.0,310,5844.0,75,5845.0,153,5846.0,232,5847.0,138,5848.0,134,5843.0
v2409,DCE,13:38:40.260#,5835.0,5877.0,5797.0,6197.0,5497.0,580998,906213.0,5839.0,237,5840.0,927,5841.0,172,5842.0,298,5843.0,311,5844.0,73,5845.0,153,5846.0,232,5847.0,138,5848.0,134,5844.0
v2409,DCE,13:38:40.513#,5835.0,5877.0,5797.0,6197.0,5497.0,581000,906213.0,5839.0,237,5840.0,929,5841.0,172,5842.0,298,5843.0,338,5844.0,71,5845.0,157,5846.0,232,5847.0,138,5848.0,132,5844.0
v2409,DCE,13:38:40.618#,5835.0,5877.0,5797.0,6197.0,5497.0,581000,906213.0,5839.0,237,5840.0,931,5841.0,172,5842.0,298,5843.0,338,5844.0,68,5845.0,157,5846.0,232,5847.0,138,5848.0,130,5844.0
v2409,DCE,13:38:40.837#,5835.0,5877.0,5797.0,6197.0,5497.0,581000,906213.0,5839.0,237,5840.0,933,5841.0,172,5842.0,298,5843.0,338,5844.0,68,5845.0,157,5846.0,232,5847.0,138,5848.0,128,5844.0
v2409,DCE,13:38:41.320#,5835.0,5877.0,5797.0,6197.0,5497.0,581000,906213.0,5839.0,237,5840.0,933,5841.0,172,5842.0,298,5843.0,338,5844.0,69,5845.0,157,5846.0,232,5847.0,138,5848.0,128,5844.0
v2409,DCE,13:38:41.525#,5835.0,5877.0,5797.0,6197.0,5497.0,581000,906213.0,5839.0,237,5840.0,933,5841.0,172,5842.0,299,5843.0,353,5844.0,69,5845.0,157,5846.0,232,5847.0,138,5848.0,128,5844.0
v2409,DCE,13:38:41.701#,5835.0,5877.0,5797.0,6197.0,5497.0,581000,906213.0,5839.0,237,5840.0,933,5841.0,173,5842.0,299,5843.0,353,5844.0,69,5845.0,157,5846.0,232,5847.0,138,5848.0,128,5844.0
v2409,DCE,13:38:42.48#,5835.0,5877.0,5797.0,6197.0,5497.0,581001,906213.0,5839.0,237,5840.0,933,5841.0,173,5842.0,299,5843.0,354,5844.0,69,5845.0,157,5846.0,232,5847.0,138,5848.0,128,5843.0
v2409,DCE,13:38:42.119#,5835.0,5877.0,5797.0,6197.0,5497.0,581002,906214.0,5839.0,237,5840.0,933,5841.0,173,5842.0,299,5843.0,353,5844.0,69,5845.0,157,5846.0,232,5847.0,138,5848.0,128,5843.0
v2409,DCE,13:38:42.560#,5835.0,5877.0,5797.0,6197.0,5497.0,581002,906214.0,5839.0,237,5840.0,931,5841.0,173,5842.0,299,5843.0,353,5844.0,69,5845.0,157,5846.0,232,5847.0,138,5848.0,130,5843.0
v2409,DCE,13:38:42.646#,5835.0,5877.0,5797.0,6197.0,5497.0,581011,906210.0,5839.0,237,5840.0,933,5841.0,173,5842.0,299,5843.0,353,5844.0,60,5845.0,157,5846.0,232,5847.0,138,5848.0,128,5844.0
v2409,DCE,13:38:42.839#,5835.0,5877.0,5797.0,6197.0,5497.0,581076,906225.0,5840.0,933,5841.0,173,5842.0,299,5843.0,349,5844.0,22,5845.0,157,5846.0,232,5847.0,138,5848.0,128,5849.0,172,5844.0
v2409,DCE,13:38:43.259#,5835.0,5877.0,5797.0,6197.0,5497.0,581079,906226.0,5840.0,935,5841.0,173,5842.0,290,5843.0,367,5844.0,24,5845.0,146,5846.0,242,5847.0,138,5848.0,126,5849.0,182,5844.0
v2409,DCE,13:38:43.485#,5835.0,5877.0,5797.0,6197.0,5497.0,581080,906227.0,5840.0,935,5841.0,173,5842.0,290,5843.0,367,5844.0,19,5845.0,146,5846.0,242,5847.0,138,5848.0,126,5849.0,182,5844.0
v2409,DCE,13:38:43.647#,5835.0,5877.0,5797.0,6197.0,5497.0,581080,906227.0,5840.0,935,5841.0,173,5842.0,291,5843.0,366,5844.0,10,5845.0,148,5846.0,242,5847.0,138,5848.0,126,5849.0,182,5844.0
v2409,DCE,13:38:43.925#,5835.0,5877.0,5797.0,6197.0,5497.0,581080,906227.0,5840.0,935,5841.0,173,5842.0,292,5843.0,369,5844.0,9,5845.0,147,5846.0,243,5847.0,138,5848.0,126,5849.0,182,5844.0
v2409,DCE,13:38:44.201#,5835.0,5877.0,5797.0,6197.0,5497.0,581080,906227.0,5840.0,935,5841.0,173,5842.0,289,5843.0,369,5844.0,9,5845.0,145,5846.0,243,5847.0,138,5848.0,126,5849.0,182,5844.0
v2409,DCE,13:38:44.511#,5835.0,5877.0,5797.0,6197.0,5497.0,581083,906230.0,5840.0,935,5841.0,173,5842.0,301,5843.0,369,5844.0,7,5845.0,145,5846.0,243,5847.0,138,5848.0,126,5849.0,182,5844.0
v2409,DCE,13:38:44.742#,5835.0,5877.0,5797.0,6197.0,5497.0,581084,906231.0,5840.0,945,5841.0,173,5842.0,302,5843.0,368,5844.0,6,5845.0,147,5846.0,243,5847.0,138,5848.0,126,5849.0,182,5844.0
v2409,DCE,13:38:45.44#,5835.0,5877.0,5797.0,6197.0,5497.0,581084,906231.0,5840.0,945,5841.0,173,5842.0,302,5843.0,368,5844.0,6,5845.0,146,5846.0,243,5847.0,138,5848.0,126,5849.0,182,5844.0
v2409,DCE,13:38:45.168#,5835.0,5877.0,5797.0,6197.0,5497.0,581085,906231.0,5840.0,945,5841.0,173,5842.0,302,5843.0,368,5844.0,5,5845.0,143,5846.0,243,5847.0,138,5848.0,126,5849.0,182,5844.0
v2409,DCE,13:38:45.512#,5835.0,5877.0,5797.0,6197.0,5497.0,581086,906232.0,5840.0,945,5841.0,173,5842.0,302,5843.0,367,5844.0,5,5845.0,144,5846.0,243,5847.0,138,5848.0,126,5849.0,182,5844.0
v2409,DCE,13:38:45.820#,5835.0,5877.0,5797.0,6197.0,5497.0,581088,906231.0,5840.0,945,5841.0,173,5842.0,302,5843.0,367,5844.0,5,5845.0,146,5846.0,240,5847.0,147,5848.0,126,5849.0,182,5845.0
v2409,DCE,13:38:46.68#,5835.0,5877.0,5797.0,6197.0,5497.0,581093,906231.0,5839.0,237,5840.0,945,5841.0,173,5842.0,305,5843.0,367,5844.0,2,5845.0,146,5846.0,241,5847.0,147,5848.0,126,5844.0
v2409,DCE,13:38:46.198#,5835.0,5877.0,5797.0,6197.0,5497.0,581119,906216.0,5839.0,237,5840.0,942,5841.0,173,5842.0,313,5843.0,356,5844.0,21,5845.0,144,5846.0,241,5847.0,148,5848.0,128,5844.0
v2409,DCE,13:38:46.472#,5835.0,5877.0,5797.0,6197.0,5497.0,581120,906216.0,5839.0,237,5840.0,944,5841.0,173,5842.0,311,5843.0,356,5844.0,20,5845.0,147,5846.0,241,5847.0,149,5848.0,128,5844.0
v2409,DCE,13:38:46.792#,5835.0,5877.0,5797.0,6197.0,5497.0,581140,906196.0,5839.0,237,5840.0,944,5841.0,173,5842.0,311,5843.0,356,5844.0,13,5845.0,148,5846.0,240,5847.0,149,5848.0,128,5844.0
v2409,DCE,13:38:46.927#,5835.0,5877.0,5797.0,6197.0,5497.0,581153,906189.0,5840.0,943,5841.0,173,5842.0,311,5843.0,356,5844.0,8,5845.0,148,5846.0,240,5847.0,149,5848.0,128,5849.0,172,5844.0
v2409,DCE,13:38:47.155#,5835.0,5877.0,5797.0,6197.0,5497.0,581153,906189.0,5840.0,945,5841.0,174,5842.0,305,5843.0,357,5844.0,21,5845.0,141,5846.0,240,5847.0,148,5848.0,126,5849.0,182,5844.0
v2409,DCE,13:38:47.567#,5835.0,5877.0,5797.0,6197.0,5497.0,581153,906189.0,5840.0,945,5841.0,175,5842.0,305,5843.0,357,5844.0,34,5845.0,142,5846.0,240,5847.0,148,5848.0,126,5849.0,175,5844.0
v2409,DCE,13:38:47.818#,5835.0,5877.0,5797.0,6197.0,5497.0,581153,906189.0,5840.0,945,5841.0,175,5842.0,309,5843.0,357,5844.0,43,5845.0,142,5846.0,240,5847.0,148,5848.0,126,5849.0,175,5844.0
v2409,DCE,13:38:47.886#,5835.0,5877.0,5797.0,6197.0,5497.0,581153,906189.0,5840.0,945,5841.0,175,5842.0,309,5843.0,357,5844.0,54,5845.0,142,5846.0,240,5847.0,148,5848.0,126,5849.0,175,5844.0
v2409,DCE,13:38:48.149#,5835.0,5877.0,5797.0,6197.0,5497.0,581153,906189.0,5840.0,945,5841.0,175,5842.0,309,5843.0,357,5844.0,55,5845.0,139,5846.0,292,5847.0,148,5848.0,126,5849.0,175,5844.0
v2409,DCE,13:38:48.486#,5835.0,5877.0,5797.0,6197.0,5497.0,581153,906189.0,5840.0,946,5841.0,175,5842.0,309,5843.0,360,5844.0,65,5845.0,139,5846.0,291,5847.0,148,5848.0,126,5849.0,175,5844.0
v2409,DCE,13:38:48.629#,5835.0,5877.0,5797.0,6197.0,5497.0,581153,906189.0,5840.0,946,5841.0,175,5842.0,309,5843.0,360,5844.0,88,5845.0,139,5846.0,291,5847.0,148,5848.0,126,5849.0,175,5844.0
v2409,DCE,13:38:49.60#,5835.0,5877.0,5797.0,6197.0,5497.0,581153,906189.0,5840.0,946,5841.0,175,5842.0,309,5843.0,360,5844.0,110,5845.0,98,5846.0,290,5847.0,148,5848.0,126,5849.0,175,5844.0
v2409,DCE,13:38:49.286#,5835.0,5877.0,5797.0,6197.0,5497.0,581164,906192.0,5840.0,946,5841.0,174,5842.0,310,5843.0,341,5844.0,103,5845.0,86,5846.0,291,5847.0,147,5848.0,126,5849.0,175,5844.0
v2409,DCE,13:38:49.331#,5835.0,5877.0,5797.0,6197.0,5497.0,581164,906192.0,5840.0,946,5841.0,174,5842.0,310,5843.0,341,5844.0,104,5845.0,86,5846.0,291,5847.0,147,5848.0,126,5849.0,175,5844.0
v2409,DCE,13:38:49.700#,5835.0,5877.0,5797.0,6197.0,5497.0,581164,906192.0,5840.0,946,5841.0,175,5842.0,310,5843.0,341,5844.0,104,5845.0,88,5846.0,291,5847.0,147,5848.0,126,5849.0,175,5844.0
v2409,DCE,13:38:50.71#,5835.0,5877.0,5797.0,6197.0,5497.0,581164,906192.0,5840.0,966,5841.0,171,5842.0,294,5843.0,341,5844.0,104,5845.0,88,5846.0,291,5847.0,147,5848.0,126,5849.0,175,5844.0
v2409,DCE,13:38:50.285#,5835.0,5877.0,5797.0,6197.0,5497.0,581165,906193.0,5840.0,967,5841.0,170,5842.0,294,5843.0,343,5844.0,103,5845.0,94,5846.0,291,5847.0,147,5848.0,126,5849.0,175,5844.0
v2409,DCE,13:38:50.536#,5835.0,5877.0,5797.0,6197.0,5497.0,581166,906193.0,5840.0,967,5841.0,170,5842.0,294,5843.0,343,5844.0,103,5845.0,94,5846.0,291,5847.0,148,5848.0,141,5849.0,175,5845.0
v2409,DCE,13:38:50.786#,5835.0,5877.0,5797.0,6197.0,5497.0,581166,906193.0,5840.0,967,5841.0,170,5842.0,294,5843.0,343,5844.0,105,5845.0,94,5846.0,291,5847.0,148,5848.0,141,5849.0,175,5845.0
v2409,DCE,13:38:50.975#,5835.0,5877.0,5797.0,6197.0,5497.0,581166,906193.0,5840.0,967,5841.0,170,5842.0,294,5843.0,343,5844.0,105,5845.0,94,5846.0,290,5847.0,149,5848.0,141,5849.0,175,5845.0
v2409,DCE,13:38:51.298#,5835.0,5877.0,5797.0,6197.0,5497.0,581166,906193.0,5840.0,967,5841.0,170,5842.0,294,5843.0,343,5844.0,106,5845.0,94,5846.0,290,5847.0,150,5848.0,141,5849.0,175,5845.0
v2409,DCE,13:38:51.556#,5835.0,5877.0,5797.0,6197.0,5497.0,581168,906193.0,5840.0,967,5841.0,170,5842.0,294,5843.0,343,5844.0,106,5845.0,92,5846.0,290,5847.0,150,5848.0,141,5849.0,175,5845.0
v2409,DCE,13:38:51.669#,5835.0,5877.0,5797.0,6197.0,5497.0,581171,906193.0,5840.0,967,5841.0,170,5842.0,294,5843.0,343,5844.0,103,5845.0,92,5846.0,290,5847.0,150,5848.0,141,5849.0,175,5844.0
v2409,DCE,13:38:52.291#,5835.0,5877.0,5797.0,6197.0,5497.0,581172,906192.0,5840.0,967,5841.0,171,5842.0,294,5843.0,343,5844.0,103,5845.0,91,5846.0,290,5847.0,150,5848.0,141,5849.0,175,5845.0
v2409,DCE,13:38:52.522#,5835.0,5877.0,5797.0,6197.0,5497.0,581172,906192.0,5840.0,967,5841.0,171,5842.0,294,5843.0,345,5844.0,103,5845.0,92,5846.0,289,5847.0,150,5848.0,141,5849.0,175,5845.0
v2409,DCE,13:38:53.3#,5835.0,5877.0,5797.0,6197.0,5497.0,581182,906192.0,5840.0,967,5841.0,171,5842.0,294,5843.0,345,5844.0,105,5845.0,82,5846.0,289,5847.0,150,5848.0,141,5849.0,175,5845.0
v2409,DCE,13:38:53.295#,5835.0,5877.0,5797.0,6197.0,5497.0,581184,906194.0,5840.0,967,5841.0,171,5842.0,294,5843.0,348,5844.0,103,5845.0,81,5846.0,289,5847.0,150,5848.0,141,5849.0,175,5844.0
v2409,DCE,13:38:53.511#,5835.0,5877.0,5797.0,6197.0,5497.0,581188,906190.0,5840.0,967,5841.0,171,5842.0,294,5843.0,348,5844.0,103,5845.0,77,5846.0,289,5847.0,150,5848.0,141,5849.0,175,5845.0
v2409,DCE,13:38:53.734#,5835.0,5877.0,5797.0,6197.0,5497.0,581188,906190.0,5840.0,967,5841.0,171,5842.0,294,5843.0,348,5844.0,103,5845.0,83,5846.0,289,5847.0,150,5848.0,141,5849.0,175,5845.0
v2409,DCE,13:38:54.276#,5835.0,5877.0,5797.0,6197.0,5497.0,581201,906189.0,5840.0,967,5841.0,171,5842.0,293,5843.0,348,5844.0,103,5845.0,71,5846.0,289,5847.0,143,5848.0,141,5849.0,175,5845.0
v2409,DCE,13:38:54.367#,5835.0,5877.0,5797.0,6197.0,5497.0,581201,906189.0,5840.0,967,5841.0,171,5842.0,293,5843.0,349,5844.0,103,5845.0,70,5846.0,289,5847.0,143,5848.0,141,5849.0,175,5845.0
v2409,DCE,13:38:54.636#,5835.0,5877.0,5797.0,6197.0,5497.0,581201,906189.0,5840.0,967,5841.0,171,5842.0,293,5843.0,349,5844.0,103,5845.0,70,5846.0,289,5847.0,144,5848.0,141,5849.0,175,5845.0
v2409,DCE,13:38:55.30#,5835.0,5877.0,5797.0,6197.0,5497.0,581201,906189.0,5840.0,967,5841.0,171,5842.0,293,5843.0,349,5844.0,104,5845.0,70,5846.0,289,5847.0,144,5848.0,141,5849.0,175,5845.0
v2409,DCE,13:38:55.253#,5835.0,5877.0,5797.0,6197.0,5497.0,581211,906190.0,5840.0,967,5841.0,171,5842.0,293,5843.0,352,5844.0,104,5845.0,60,5846.0,289,5847.0,144,5848.0,141,5849.0,175,5845.0
v2409,DCE,13:38:55.522#,5835.0,5877.0,5797.0,6197.0,5497.0,581213,906189.0,5840.0,967,5841.0,171,5842.0,294,5843.0,352,5844.0,104,5845.0,57,5846.0,289,5847.0,144,5848.0,141,5849.0,175,5845.0
v2409,DCE,13:38:55.786#,5835.0,5877.0,5797.0,6197.0,5497.0,581214,906189.0,5840.0,967,5841.0,171,5842.0,295,5843.0,352,5844.0,104,5845.0,84,5846.0,289,5847.0,143,5848.0,141,5849.0,175,5845.0
v2409,DCE,13:38:56.68#,5835.0,5877.0,5797.0,6197.0,5497.0,581214,906189.0,5840.0,967,5841.0,171,5842.0,295,5843.0,390,5844.0,102,5845.0,87,5846.0,238,5847.0,143,5848.0,141,5849.0,175,5845.0
v2409,DCE,13:38:56.201#,5835.0,5877.0,5797.0,6197.0,5497.0,581214,906189.0,5840.0,966,5841.0,171,5842.0,294,5843.0,390,5844.0,102,5845.0,87,5846.0,238,5847.0,144,5848.0,141,5849.0,176,5845.0
v2409,DCE,13:38:56.527#,5835.0,5877.0,5797.0,6197.0,5497.0,581214,906189.0,5840.0,967,5841.0,170,5842.0,294,5843.0,389,5844.0,103,5845.0,83,5846.0,238,5847.0,147,5848.0,138,5849.0,176,5845.0
v2409,DCE,13:38:56.584#,5835.0,5877.0,5797.0,6197.0,5497.0,581214,906189.0,5840.0,967,5841.0,170,5842.0,294,5843.0,389,5844.0,103,5845.0,85,5846.0,238,5847.0,147,5848.0,138,5849.0,176,5845.0
v2409,DCE,13:38:57.58#,5835.0,5877.0,5797.0,6197.0,5497.0,581214,906189.0,5840.0,968,5841.0,170,5842.0,294,5843.0,388,5844.0,105,5845.0,85,5846.0,238,5847.0,147,5848.0,138,5849.0,176,5845.0
v2409,DCE,13:38:57.255#,5835.0,5877.0,5797.0,6197.0,5497.0,581214,906189.0,5840.0,968,5841.0,170,5842.0,294,5843.0,380,5844.0,105,5845.0,85,5846.0,238,5847.0,147,5848.0,138,5849.0,176,5845.0
v2409,DCE,13:38:57.499#,5835.0,5877.0,5797.0,6197.0,5497.0,581215,906190.0,5840.0,968,5841.0,174,5842.0,270,5843.0,380,5844.0,105,5845.0,85,5846.0,238,5847.0,147,5848.0,138,5849.0,176,5845.0
v2409,DCE,13:38:57.800#,5835.0,5877.0,5797.0,6197.0,5497.0,581217,906191.0,5840.0,968,5841.0,174,5842.0,278,5843.0,382,5844.0,95,5845.0,84,5846.0,238,5847.0,147,5848.0,138,5849.0,176,5844.0
v2409,DCE,13:38:57.928#,5835.0,5877.0,5797.0,6197.0,5497.0,581226,906196.0,5840.0,968,5841.0,170,5842.0,280,5843.0,382,5844.0,95,5845.0,75,5846.0,238,5847.0,147,5848.0,138,5849.0,176,5845.0
v2409,DCE,13:38:58.145#,5835.0,5877.0,5797.0,6197.0,5497.0,581226,906196.0,5840.0,968,5841.0,170,5842.0,281,5843.0,382,5844.0,95,5845.0,75,5846.0,238,5847.0,147,5848.0,138,5849.0,176,5845.0
v2409,DCE,13:38:58.407#,5835.0,5877.0,5797.0,6197.0,5497.0,581226,906196.0,5840.0,968,5841.0,170,5842.0,282,5843.0,382,5844.0,105,5845.0,74,5846.0,238,5847.0,147,5848.0,138,5849.0,176,5845.0
v2409,DCE,13:38:58.752#,5835.0,5877.0,5797.0,6197.0,5497.0,581226,906196.0,5840.0,969,5841.0,170,5842.0,283,5843.0,382,5844.0,106,5845.0,74,5846.0,238,5847.0,147,5848.0,138,5849.0,176,5845.0
v2409,DCE,13:38:59.42#,5835.0,5877.0,5797.0,6197.0,5497.0,581227,906196.0,5840.0,969,5841.0,170,5842.0,283,5843.0,345,5844.0,113,5845.0,72,5846.0,290,5847.0,144,5848.0,141,5849.0,176,5844.0
v2409,DCE,13:38:59.302#,5835.0,5877.0,5797.0,6197.0,5497.0,581238,906191.0,5840.0,968,5841.0,171,5842.0,283,5843.0,345,5844.0,113,5845.0,55,5846.0,290,5847.0,144,5848.0,141,5849.0,176,5845.0
v2409,DCE,13:38:59.468#,5835.0,5877.0,5797.0,6197.0,5497.0,581240,906190.0,5840.0,968,5841.0,171,5842.0,283,5843.0,345,5844.0,113,5845.0,30,5846.0,290,5847.0,144,5848.0,141,5849.0,176,5845.0
v2409,DCE,13:38:59.680#,5835.0,5877.0,5797.0,6197.0,5497.0,581240,906190.0,5840.0,968,5841.0,171,5842.0,284,5843.0,345,5844.0,132,5845.0,30,5846.0,290,5847.0,143,5848.0,141,5849.0,176,5845.0
v2409,DCE,13:39:00.16#,5835.0,5877.0,5797.0,6197.0,5497.0,581245,906194.0,5840.0,968,5841.0,171,5842.0,284,5843.0,345,5844.0,133,5845.0,25,5846.0,289,5847.0,143,5848.0,141,5849.0,176,5845.0
v2409,DCE,13:39:00.274#,5835.0,5877.0,5797.0,6197.0,5497.0,581275,906205.0,5841.0,171,5842.0,280,5843.0,345,5844.0,133,5845.0,27,5846.0,289,5847.0,143,5848.0,148,5849.0,176,5850.0,393,5845.0
v2409,DCE,13:39:00.478#,5835.0,5877.0,5797.0,6197.0,5497.0,581276,906205.0,5841.0,173,5842.0,266,5843.0,340,5844.0,140,5845.0,1,5846.0,273,5847.0,146,5848.0,148,5849.0,174,5850.0,393,5845.0
v2409,DCE,13:39:00.783#,5835.0,5877.0,5797.0,6197.0,5497.0,581276,906205.0,5841.0,173,5842.0,269,5843.0,333,5844.0,147,5845.0,2,5846.0,277,5847.0,141,5848.0,148,5849.0,174,5850.0,393,5845.0
v2409,DCE,13:39:01.56#,5835.0,5877.0,5797.0,6197.0,5497.0,581276,906205.0,5841.0,173,5842.0,264,5843.0,333,5844.0,148,5845.0,3,5846.0,277,5847.0,141,5848.0,148,5849.0,174,5850.0,393,5845.0
v2409,DCE,13:39:01.230#,5835.0,5877.0,5797.0,6197.0,5497.0,581284,906213.0,5840.0,958,5841.0,173,5842.0,264,5843.0,337,5844.0,156,5845.0,3,5846.0,283,5847.0,139,5848.0,148,5849.0,174,5844.0
v2409,DCE,13:39:01.345#,5835.0,5877.0,5797.0,6197.0,5497.0,581296,906210.0,5840.0,968,5841.0,171,5842.0,264,5843.0,337,5844.0,146,5845.0,1,5846.0,283,5847.0,133,5848.0,148,5849.0,176,5845.0
v2409,DCE,13:39:01.780#,5835.0,5877.0,5797.0,6197.0,5497.0,581300,906211.0,5840.0,968,5841.0,171,5842.0,264,5843.0,356,5844.0,148,5845.0,14,5846.0,293,5847.0,134,5848.0,133,5849.0,176,5845.0
v2409,DCE,13:39:01.975#,5835.0,5877.0,5797.0,6197.0,5497.0,581315,906218.0,5841.0,171,5842.0,274,5843.0,354,5844.0,156,5845.0,1,5846.0,294,5847.0,138,5848.0,133,5849.0,176,5850.0,393,5845.0
v2409,DCE,13:39:02.290#,5835.0,5877.0,5797.0,6197.0,5497.0,581315,906218.0,5841.0,173,5842.0,273,5843.0,344,5844.0,157,5845.0,12,5846.0,284,5847.0,134,5848.0,133,5849.0,174,5850.0,393,5845.0
v2409,DCE,13:39:02.436#,5835.0,5877.0,5797.0,6197.0,5497.0,581315,906218.0,5841.0,173,5842.0,280,5843.0,344,5844.0,159,5845.0,22,5846.0,284,5847.0,133,5848.0,133,5849.0,174,5850.0,393,5845.0
v2409,DCE,13:39:02.760#,5835.0,5877.0,5797.0,6197.0,5497.0,581316,906218.0,5841.0,173,5842.0,281,5843.0,381,5844.0,163,5845.0,21,5846.0,284,5847.0,141,5848.0,143,5849.0,174,5850.0,393,5845.0
v2409,DCE,13:39:03.45#,5835.0,5877.0,5797.0,6197.0,5497.0,581322,906218.0,5841.0,173,5842.0,281,5843.0,383,5844.0,153,5845.0,16,5846.0,284,5847.0,141,5848.0,144,5849.0,174,5850.0,393,5845.0
v2409,DCE,13:39:03.218#,5835.0,5877.0,5797.0,6197.0,5497.0,581324,906216.0,5841.0,173,5842.0,281,5843.0,340,5844.0,160,5845.0,14,5846.0,284,5847.0,141,5848.0,144,5849.0,174,5850.0,393,5845.0
v2409,DCE,13:39:03.544#,5835.0,5877.0,5797.0,6197.0,5497.0,581334,906224.0,5841.0,173,5842.0,281,5843.0,340,5844.0,160,5845.0,4,5846.0,242,5847.0,141,5848.0,144,5849.0,174,5850.0,393,5845.0
v2409,DCE,13:39:03.601#,5835.0,5877.0,5797.0,6197.0,5497.0,581334,906224.0,5841.0,175,5842.0,281,5843.0,340,5844.0,160,5845.0,4,5846.0,242,5847.0,141,5848.0,144,5849.0,172,5850.0,393,5845.0
v2409,DCE,13:39:03.906#,5835.0,5877.0,5797.0,6197.0,5497.0,581334,906224.0,5841.0,172,5842.0,281,5843.0,340,5844.0,160,5845.0,4,5846.0,242,5847.0,166,5848.0,144,5849.0,174,5850.0,393,5845.0
v2409,DCE,13:39:04.161#,5835.0,5877.0,5797.0,6197.0,5497.0,581338,906227.0,5840.0,958,5841.0,173,5842.0,282,5843.0,340,5844.0,160,5845.0,4,5846.0,243,5847.0,166,5848.0,144,5849.0,174,5845.0
v2409,DCE,13:39:04.525#,5835.0,5877.0,5797.0,6197.0,5497.0,581352,906223.0,5840.0,968,5841.0,171,5842.0,283,5843.0,341,5844.0,154,5845.0,36,5846.0,243,5847.0,166,5848.0,145,5849.0,176,5845.0
v2409,DCE,13:39:04.793#,5835.0,5877.0,5797.0,6197.0,5497.0,581352,906223.0,5840.0,968,5841.0,171,5842.0,284,5843.0,341,5844.0,154,5845.0,58,5846.0,243,5847.0,166,5848.0,144,5849.0,176,5845.0
v2409,DCE,13:39:05.47#,5835.0,5877.0,5797.0,6197.0,5497.0,581352,906223.0,5840.0,968,5841.0,171,5842.0,284,5843.0,380,5844.0,155,5845.0,63,5846.0,243,5847.0,166,5848.0,144,5849.0,176,5845.0
v2409,DCE,13:39:05.274#,5835.0,5877.0,5797.0,6197.0,5497.0,581352,906223.0,5840.0,968,5841.0,171,5842.0,284,5843.0,380,5844.0,155,5845.0,66,5846.0,248,5847.0,166,5848.0,144,5849.0,176,5845.0
v2409,DCE,13:39:05.441#,5835.0,5877.0,5797.0,6197.0,5497.0,581372,906222.0,5840.0,968,5841.0,171,5842.0,284,5843.0,390,5844.0,128,5845.0,68,5846.0,248,5847.0,166,5848.0,144,5849.0,176,5844.0
v2409,DCE,13:39:05.820#,5835.0,5877.0,5797.0,6197.0,5497.0,581372,906222.0,5840.0,969,5841.0,170,5842.0,284,5843.0,736,5844.0,91,5845.0,108,5846.0,245,5847.0,170,5848.0,130,5849.0,176,5844.0
v2409,DCE,13:39:05.925#,5835.0,5877.0,5797.0,6197.0,5497.0,581373,906223.0,5840.0,969,5841.0,170,5842.0,283,5843.0,735,5844.0,81,5845.0,107,5846.0,245,5847.0,164,5848.0,130,5849.0,176,5845.0
v2409,DCE,13:39:06.276#,5835.0,5877.0,5797.0,6197.0,5497.0,581376,906222.0,5840.0,969,5841.0,170,5842.0,282,5843.0,736,5844.0,91,5845.0,106,5846.0,247,5847.0,169,5848.0,130,5849.0,176,5844.0
v2409,DCE,13:39:06.533#,5835.0,5877.0,5797.0,6197.0,5497.0,581377,906223.0,5840.0,969,5841.0,170,5842.0,282,5843.0,736,5844.0,112,5845.0,105,5846.0,247,5847.0,169,5848.0,130,5849.0,176,5845.0
v2409,DCE,13:39:06.623#,5835.0,5877.0,5797.0,6197.0,5497.0,581378,906223.0,5840.0,969,5841.0,170,5842.0,282,5843.0,736,5844.0,112,5845.0,105,5846.0,247,5847.0,169,5848.0,130,5849.0,176,5844.0
v2409,DCE,13:39:06.935#,5835.0,5877.0,5797.0,6197.0,5497.0,581379,906224.0,5840.0,968,5841.0,171,5842.0,282,5843.0,736,5844.0,113,5845.0,104,5846.0,247,5847.0,169,5848.0,130,5849.0,176,5845.0
v2409,DCE,13:39:07.294#,5835.0,5877.0,5797.0,6197.0,5497.0,581379,906224.0,5840.0,968,5841.0,171,5842.0,282,5843.0,736,5844.0,119,5845.0,104,5846.0,247,5847.0,168,5848.0,130,5849.0,177,5845.0
v2409,DCE,13:39:07.332#,5835.0,5877.0,5797.0,6197.0,5497.0,581379,906224.0,5840.0,968,5841.0,171,5842.0,282,5843.0,736,5844.0,129,5845.0,104,5846.0,247,5847.0,168,5848.0,130,5849.0,177,5845.0
v2409,DCE,13:39:07.728#,5835.0,5877.0,5797.0,6197.0,5497.0,581383,906228.0,5840.0,968,5841.0,171,5842.0,282,5843.0,736,5844.0,129,5845.0,98,5846.0,247,5847.0,168,5848.0,130,5849.0,177,5845.0
v2409,DCE,13:39:08.61#,5835.0,5877.0,5797.0,6197.0,5497.0,581383,906228.0,5840.0,968,5841.0,171,5842.0,282,5843.0,736,5844.0,129,5845.0,100,5846.0,247,5847.0,168,5848.0,130,5849.0,177,5845.0
v2409,DCE,13:39:08.241#,5835.0,5877.0,5797.0,6197.0,5497.0,581385,906230.0,5840.0,968,5841.0,171,5842.0,282,5843.0,736,5844.0,128,5845.0,103,5846.0,247,5847.0,168,5848.0,130,5849.0,177,5844.0
v2409,DCE,13:39:08.356#,5835.0,5877.0,5797.0,6197.0,5497.0,581388,906230.0,5840.0,968,5841.0,171,5842.0,282,5843.0,736,5844.0,125,5845.0,105,5846.0,247,5847.0,168,5848.0,130,5849.0,177,5844.0
v2409,DCE,13:39:08.821#,5835.0,5877.0,5797.0,6197.0,5497.0,581391,906230.0,5840.0,968,5841.0,172,5842.0,282,5843.0,735,5844.0,125,5845.0,105,5846.0,246,5847.0,168,5848.0,130,5849.0,177,5845.0
v2409,DCE,13:39:08.960#,5835.0,5877.0,5797.0,6197.0,5497.0,581396,906230.0,5840.0,968,5841.0,172,5842.0,283,5843.0,735,5844.0,127,5845.0,102,5846.0,246,5847.0,168,5848.0,130,5849.0,177,5845.0
v2409,DCE,13:39:09.180#,5835.0,5877.0,5797.0,6197.0,5497.0,581397,906230.0,5840.0,967,5841.0,172,5842.0,283,5843.0,735,5844.0,127,5845.0,106,5846.0,246,5847.0,168,5848.0,130,5849.0,178,5845.0
v2409,DCE,13:39:09.487#,5835.0,5877.0,5797.0,6197.0,5497.0,581397,906230.0,5840.0,967,5841.0,172,5842.0,283,5843.0,735,5844.0,127,5845.0,105,5846.0,246,5847.0,168,5848.0,130,5849.0,178,5845.0
v2409,DCE,13:39:09.750#,5835.0,5877.0,5797.0,6197.0,5497.0,581398,906231.0,5840.0,967,5841.0,172,5842.0,283,5843.0,735,5844.0,127,5845.0,106,5846.0,246,5847.0,168,5848.0,130,5849.0,178,5845.0
v2409,DCE,13:39:09.944#,5835.0,5877.0,5797.0,6197.0,5497.0,581399,906231.0,5840.0,967,5841.0,172,5842.0,283,5843.0,735,5844.0,127,5845.0,105,5846.0,246,5847.0,168,5848.0,130,5849.0,178,5845.0
v2409,DCE,13:39:10.320#,5835.0,5877.0,5797.0,6197.0,5497.0,581399,906231.0,5840.0,967,5841.0,172,5842.0,283,5843.0,735,5844.0,128,5845.0,105,5846.0,246,5847.0,168,5848.0,130,5849.0,178,5845.0
v2409,DCE,13:39:10.492#,5835.0,5877.0,5797.0,6197.0,5497.0,581399,906231.0,5840.0,967,5841.0,172,5842.0,282,5843.0,735,5844.0,128,5845.0,105,5846.0,246,5847.0,168,5848.0,131,5849.0,177,5845.0
v2409,DCE,13:39:10.772#,5835.0,5877.0,5797.0,6197.0,5497.0,581402,906234.0,5840.0,967,5841.0,172,5842.0,282,5843.0,735,5844.0,130,5845.0,103,5846.0,244,5847.0,168,5848.0,131,5849.0,177,5845.0
v2409,DCE,13:39:10.873#,5835.0,5877.0,5797.0,6197.0,5497.0,581404,906236.0,5840.0,967,5841.0,172,5842.0,282,5843.0,735,5844.0,132,5845.0,101,5846.0,244,5847.0,168,5848.0,131,5849.0,177,5845.0
v2409,DCE,13:39:11.127#,5835.0,5877.0,5797.0,6197.0,5497.0,581404,906236.0,5840.0,967,5841.0,172,5842.0,282,5843.0,735,5844.0,132,5845.0,101,5846.0,245,5847.0,169,5848.0,131,5849.0,177,5845.0
v2409,DCE,13:39:11.495#,5835.0,5877.0,5797.0,6197.0,5497.0,581406,906237.0,5840.0,967,5841.0,172,5842.0,282,5843.0,735,5844.0,124,5845.0,100,5846.0,245,5847.0,169,5848.0,131,5849.0,177,5845.0
v2409,DCE,13:39:11.788#,5835.0,5877.0,5797.0,6197.0,5497.0,581407,906238.0,5840.0,967,5841.0,172,5842.0,283,5843.0,713,5844.0,123,5845.0,99,5846.0,245,5847.0,169,5848.0,131,5849.0,177,5845.0
v2409,DCE,13:39:11.916#,5835.0,5877.0,5797.0,6197.0,5497.0,581407,906238.0,5840.0,967,5841.0,172,5842.0,283,5843.0,713,5844.0,124,5845.0,99,5846.0,245,5847.0,169,5848.0,131,5849.0,177,5845.0
v2409,DCE,13:39:12.199#,5835.0,5877.0,5797.0,6197.0,5497.0,581407,906238.0,5840.0,967,5841.0,172,5842.0,283,5843.0,708,5844.0,125,5845.0,99,5846.0,245,5847.0,169,5848.0,131,5849.0,177,5845.0
v2409,DCE,13:39:12.524#,5835.0,5877.0,5797.0,6197.0,5497.0,581407,906238.0,5840.0,966,5841.0,172,5842.0,283,5843.0,708,5844.0,147,5845.0,99,5846.0,245,5847.0,169,5848.0,131,5849.0,177,5845.0
v2409,DCE,13:39:12.809#,5835.0,5877.0,5797.0,6197.0,5497.0,581407,906238.0,5840.0,966,5841.0,172,5842.0,283,5843.0,719,5844.0,150,5845.0,99,5846.0,245,5847.0,169,5848.0,131,5849.0,177,5845.0
v2409,DCE,13:39:13.132#,5835.0,5877.0,5797.0,6197.0,5497.0,581410,906241.0,5840.0,966,5841.0,172,5842.0,283,5843.0,719,5844.0,151,5845.0,96,5846.0,245,5847.0,169,5848.0,131,5849.0,177,5845.0
v2409,DCE,13:39:13.559#,5835.0,5877.0,5797.0,6197.0,5497.0,581410,906241.0,5840.0,966,5841.0,172,5842.0,283,5843.0,719,5844.0,156,5845.0,96,5846.0,246,5847.0,169,5848.0,131,5849.0,177,5845.0
v2409,DCE,13:39:13.817#,5835.0,5877.0,5797.0,6197.0,5497.0,581410,906241.0,5840.0,966,5841.0,172,5842.0,284,5843.0,715,5844.0,157,5845.0,96,5846.0,246,5847.0,169,5848.0,131,5849.0,177,5845.0
v2409,DCE,13:39:14.67#,5835.0,5877.0,5797.0,6197.0,5497.0,581410,906241.0,5840.0,966,5841.0,172,5842.0,284,5843.0,715,5844.0,161,5845.0,94,5846.0,246,5847.0,169,5848.0,131,5849.0,176,5845.0
v2409,DCE,13:39:14.316#,5835.0,5877.0,5797.0,6197.0,5497.0,581410,906241.0,5840.0,966,5841.0,172,5842.0,284,5843.0,715,5844.0,161,5845.0,93,5846.0,246,5847.0,169,5848.0,131,5849.0,176,5845.0
v2409,DCE,13:39:14.532#,5835.0,5877.0,5797.0,6197.0,5497.0,581410,906241.0,5840.0,966,5841.0,172,5842.0,284,5843.0,715,5844.0,161,5845.0,93,5846.0,246,5847.0,168,5848.0,131,5849.0,176,5845.0
v2409,DCE,13:39:14.673#,5835.0,5877.0,5797.0,6197.0,5497.0,581412,906242.0,5840.0,966,5841.0,172,5842.0,284,5843.0,715,5844.0,161,5845.0,92,5846.0,246,5847.0,168,5848.0,131,5849.0,176,5845.0
v2409,DCE,13:39:15.33#,5835.0,5877.0,5797.0,6197.0,5497.0,581412,906242.0,5840.0,966,5841.0,172,5842.0,284,5843.0,715,5844.0,161,5845.0,91,5846.0,246,5847.0,168,5848.0,131,5849.0,173,5845.0
v2409,DCE,13:39:15.179#,5835.0,5877.0,5797.0,6197.0,5497.0,581412,906242.0,5840.0,966,5841.0,172,5842.0,284,5843.0,715,5844.0,161,5845.0,93,5846.0,246,5847.0,168,5848.0,131,5849.0,173,5845.0
v2409,DCE,13:39:15.337#,5835.0,5877.0,5797.0,6197.0,5497.0,581412,906242.0,5840.0,966,5841.0,172,5842.0,284,5843.0,715,5844.0,161,5845.0,90,5846.0,249,5847.0,168,5848.0,131,5849.0,173,5845.0
v2409,DCE,13:39:15.822#,5835.0,5877.0,5797.0,6197.0,5497.0,581412,906242.0,5840.0,966,5841.0,172,5842.0,288,5843.0,716,5844.0,162,5845.0,92,5846.0,249,5847.0,168,5848.0,131,5849.0,173,5845.0
v2409,DCE,13:39:15.976#,5835.0,5877.0,5797.0,6197.0,5497.0,581412,906242.0,5840.0,966,5841.0,172,5842.0,288,5843.0,716,5844.0,168,5845.0,71,5846.0,249,5847.0,168,5848.0,131,5849.0,173,5845.0
v2409,DCE,13:39:16.237#,5835.0,5877.0,5797.0,6197.0,5497.0,581412,906242.0,5840.0,966,5841.0,173,5842.0,288,5843.0,716,5844.0,168,5845.0,43,5846.0,249,5847.0,167,5848.0,131,5849.0,173,5845.0
v2409,DCE,13:39:16.486#,5835.0,5877.0,5797.0,6197.0,5497.0,581416,906242.0,5840.0,966,5841.0,173,5842.0,288,5843.0,716,5844.0,170,5845.0,39,5846.0,249,5847.0,167,5848.0,131,5849.0,173,5845.0
v2409,DCE,13:39:16.699#,5835.0,5877.0,5797.0,6197.0,5497.0,581417,906242.0,5840.0,966,5841.0,178,5842.0,289,5843.0,716,5844.0,169,5845.0,39,5846.0,249,5847.0,166,5848.0,131,5849.0,173,5844.0
v2409,DCE,13:39:17.36#,5835.0,5877.0,5797.0,6197.0,5497.0,581418,906242.0,5840.0,966,5841.0,178,5842.0,289,5843.0,667,5844.0,172,5845.0,38,5846.0,249,5847.0,166,5848.0,131,5849.0,173,5845.0
v2409,DCE,13:39:17.240#,5835.0,5877.0,5797.0,6197.0,5497.0,581418,906242.0,5840.0,966,5841.0,178,5842.0,289,5843.0,667,5844.0,173,5845.0,38,5846.0,148,5847.0,166,5848.0,131,5849.0,173,5845.0
v2409,DCE,13:39:17.394#,5835.0,5877.0,5797.0,6197.0,5497.0,581423,906245.0,5840.0,966,5841.0,178,5842.0,289,5843.0,668,5844.0,173,5845.0,33,5846.0,148,5847.0,166,5848.0,131,5849.0,173,5845.0
v2409,DCE,13:39:17.723#,5835.0,5877.0,5797.0,6197.0,5497.0,581423,906245.0,5840.0,965,5841.0,176,5842.0,289,5843.0,668,5844.0,175,5845.0,31,5846.0,148,5847.0,166,5848.0,131,5849.0,173,5845.0
v2409,DCE,13:39:18.0#,5835.0,5877.0,5797.0,6197.0,5497.0,581424,906245.0,5840.0,965,5841.0,176,5842.0,289,5843.0,668,5844.0,179,5845.0,30,5846.0,148,5847.0,164,5848.0,134,5849.0,173,5845.0
v2409,DCE,13:39:18.255#,5835.0,5877.0,5797.0,6197.0,5497.0,581424,906245.0,5840.0,964,5841.0,177,5842.0,289,5843.0,668,5844.0,178,5845.0,30,5846.0,148,5847.0,164,5848.0,134,5849.0,173,5845.0
v2409,DCE,13:39:19.72#,5835.0,5877.0,5797.0,6197.0,5497.0,581424,906245.0,5840.0,964,5841.0,177,5842.0,289,5843.0,668,5844.0,179,5845.0,30,5846.0,148,5847.0,164,5848.0,134,5849.0,173,5845.0
v2409,DCE,13:39:19.189#,5835.0,5877.0,5797.0,6197.0,5497.0,581424,906245.0,5840.0,964,5841.0,177,5842.0,289,5843.0,668,5844.0,179,5845.0,51,5846.0,148,5847.0,164,5848.0,134,5849.0,173,5845.0
v2409,DCE,13:39:19.335#,5835.0,5877.0,5797.0,6197.0,5497.0,581424,906245.0,5840.0,964,5841.0,177,5842.0,289,5843.0,668,5844.0,179,5845.0,63,5846.0,148,5847.0,164,5848.0,134,5849.0,173,5845.0
v2409,DCE,13:39:19.581#,5835.0,5877.0,5797.0,6197.0,5497.0,581424,906245.0,5840.0,964,5841.0,177,5842.0,289,5843.0,668,5844.0,179,5845.0,65,5846.0,148,5847.0,164,5848.0,134,5849.0,173,5845.0
v2409,DCE,13:39:20.140#,5835.0,5877.0,5797.0,6197.0,5497.0,581424,906245.0,5840.0,964,5841.0,177,5842.0,288,5843.0,668,5844.0,179,5845.0,65,5846.0,148,5847.0,165,5848.0,134,5849.0,173,5845.0
v2409,DCE,13:39:20.553#,5835.0,5877.0,5797.0,6197.0,5497.0,581424,906245.0,5840.0,963,5841.0,177,5842.0,288,5843.0,666,5844.0,180,5845.0,65,5846.0,148,5847.0,165,5848.0,134,5849.0,173,5845.0
v2409,DCE,13:39:20.728#,5835.0,5877.0,5797.0,6197.0,5497.0,581426,906245.0,5840.0,963,5841.0,177,5842.0,289,5843.0,667,5844.0,180,5845.0,66,5846.0,148,5847.0,165,5848.0,135,5849.0,173,5845.0
v2409,DCE,13:39:21.35#,5835.0,5877.0,5797.0,6197.0,5497.0,581427,906245.0,5840.0,963,5841.0,177,5842.0,288,5843.0,667,5844.0,180,5845.0,66,5846.0,148,5847.0,165,5848.0,135,5849.0,173,5845.0
v2409,DCE,13:39:21.304#,5835.0,5877.0,5797.0,6197.0,5497.0,581428,906245.0,5840.0,963,5841.0,177,5842.0,289,5843.0,667,5844.0,180,5845.0,75,5846.0,148,5847.0,164,5848.0,135,5849.0,173,5845.0
v2409,DCE,13:39:21.735#,5835.0,5877.0,5797.0,6197.0,5497.0,581428,906245.0,5840.0,963,5841.0,177,5842.0,288,5843.0,675,5844.0,180,5845.0,75,5846.0,148,5847.0,165,5848.0,135,5849.0,173,5845.0
v2409,DCE,13:39:21.931#,5835.0,5877.0,5797.0,6197.0,5497.0,581428,906245.0,5840.0,962,5841.0,177,5842.0,288,5843.0,675,5844.0,182,5845.0,77,5846.0,148,5847.0,165,5848.0,135,5849.0,173,5845.0
v2409,DCE,13:39:22.318#,5835.0,5877.0,5797.0,6197.0,5497.0,581428,906245.0,5840.0,963,5841.0,176,5842.0,288,5843.0,674,5844.0,182,5845.0,77,5846.0,148,5847.0,166,5848.0,132,5849.0,173,5845.0
v2409,DCE,13:39:22.518#,5835.0,5877.0,5797.0,6197.0,5497.0,581429,906244.0,5840.0,963,5841.0,176,5842.0,288,5843.0,673,5844.0,184,5845.0,77,5846.0,148,5847.0,167,5848.0,132,5849.0,173,5845.0
v2409,DCE,13:39:22.821#,5835.0,5877.0,5797.0,6197.0,5497.0,581430,906243.0,5840.0,963,5841.0,177,5842.0,288,5843.0,673,5844.0,184,5845.0,76,5846.0,148,5847.0,165,5848.0,135,5849.0,173,5845.0
v2409,DCE,13:39:22.996#,5835.0,5877.0,5797.0,6197.0,5497.0,581430,906243.0,5840.0,963,5841.0,177,5842.0,288,5843.0,673,5844.0,183,5845.0,77,5846.0,148,5847.0,165,5848.0,135,5849.0,173,5845.0
v2409,DCE,13:39:23.315#,5835.0,5877.0,5797.0,6197.0,5497.0,581433,906242.0,5840.0,963,5841.0,177,5842.0,288,5843.0,713,5844.0,181,5845.0,79,5846.0,145,5847.0,165,5848.0,135,5849.0,173,5845.0
v2409,DCE,13:39:23.340#,5835.0,5877.0,5797.0,6197.0,5497.0,581433,906242.0,5840.0,963,5841.0,177,5842.0,278,5843.0,711,5844.0,181,5845.0,79,5846.0,145,5847.0,165,5848.0,135,5849.0,173,5845.0
v2409,DCE,13:39:23.822#,5835.0,5877.0,5797.0,6197.0,5497.0,581442,906244.0,5840.0,963,5841.0,177,5842.0,278,5843.0,711,5844.0,181,5845.0,70,5846.0,145,5847.0,165,5848.0,135,5849.0,173,5845.0
v2409,DCE,13:39:24.31#,5835.0,5877.0,5797.0,6197.0,5497.0,581442,906244.0,5840.0,943,5841.0,177,5842.0,278,5843.0,711,5844.0,182,5845.0,70,5846.0,145,5847.0,165,5848.0,135,5849.0,173,5845.0
v2409,DCE,13:39:24.290#,5835.0,5877.0,5797.0,6197.0,5497.0,581443,906244.0,5840.0,943,5841.0,177,5842.0,278,5843.0,711,5844.0,182,5845.0,69,5846.0,145,5847.0,165,5848.0,135,5849.0,173,5845.0
v2409,DCE,13:39:24.332#,5835.0,5877.0,5797.0,6197.0,5497.0,581443,906244.0,5840.0,944,5841.0,177,5842.0,278,5843.0,711,5844.0,182,5845.0,69,5846.0,145,5847.0,165,5848.0,135,5849.0,173,5845.0
v2409,DCE,13:39:24.736#,5835.0,5877.0,5797.0,6197.0,5497.0,581444,906244.0,5840.0,944,5841.0,177,5842.0,278,5843.0,711,5844.0,182,5845.0,68,5846.0,145,5847.0,165,5848.0,135,5849.0,173,5845.0
v2409,DCE,13:39:24.976#,5835.0,5877.0,5797.0,6197.0,5497.0,581445,906243.0,5840.0,944,5841.0,177,5842.0,278,5843.0,711,5844.0,180,5845.0,66,5846.0,145,5847.0,165,5848.0,135,5849.0,173,5845.0
v2409,DCE,13:39:25.292#,5835.0,5877.0,5797.0,6197.0,5497.0,581448,906244.0,5840.0,944,5841.0,177,5842.0,278,5843.0,707,5844.0,179,5845.0,64,5846.0,145,5847.0,165,5848.0,135,5849.0,173,5845.0
v2409,DCE,13:39:25.561#,5835.0,5877.0,5797.0,6197.0,5497.0,581448,906244.0,5840.0,944,5841.0,177,5842.0,278,5843.0,707,5844.0,183,5845.0,64,5846.0,145,5847.0,168,5848.0,132,5849.0,173,5845.0
v2409,DCE,13:39:25.735#,5835.0,5877.0,5797.0,6197.0,5497.0,581453,906241.0,5840.0,944,5841.0,177,5842.0,279,5843.0,707,5844.0,179,5845.0,63,5846.0,145,5847.0,167,5848.0,132,5849.0,173,5844.0
v2409,DCE,13:39:25.939#,5835.0,5877.0,5797.0,6197.0,5497.0,581453,906241.0,5840.0,944,5841.0,177,5842.0,279,5843.0,707,5844.0,179,5845.0,61,5846.0,145,5847.0,167,5848.0,132,5849.0,173,5844.0
v2409,DCE,13:39:26.314#,5835.0,5877.0,5797.0,6197.0,5497.0,581454,906242.0,5840.0,944,5841.0,177,5842.0,271,5843.0,708,5844.0,182,5845.0,48,5846.0,145,5847.0,167,5848.0,132,5849.0,173,5845.0
v2409,DCE,13:39:26.519#,5835.0,5877.0,5797.0,6197.0,5497.0,581454,906242.0,5840.0,944,5841.0,177,5842.0,270,5843.0,708,5844.0,182,5845.0,38,5846.0,145,5847.0,167,5848.0,132,5849.0,173,5845.0
v2409,DCE,13:39:26.812#,5835.0,5877.0,5797.0,6197.0,5497.0,581454,906242.0,5840.0,944,5841.0,177,5842.0,270,5843.0,698,5844.0,182,5845.0,38,5846.0,143,5847.0,167,5848.0,132,5849.0,173,5845.0
v2409,DCE,13:39:27.67#,5835.0,5877.0,5797.0,6197.0,5497.0,581494,906222.0,5841.0,178,5842.0,270,5843.0,698,5844.0,183,5845.0,16,5846.0,157,5847.0,164,5848.0,135,5849.0,173,5850.0,389,5845.0
v2409,DCE,13:39:27.310#,5835.0,5877.0,5797.0,6197.0,5497.0,581494,906222.0,5841.0,180,5842.0,260,5843.0,670,5844.0,200,5845.0,31,5846.0,143,5847.0,212,5848.0,135,5849.0,171,5850.0,389,5845.0
v2409,DCE,13:39:27.497#,5835.0,5877.0,5797.0,6197.0,5497.0,581494,906222.0,5841.0,180,5842.0,260,5843.0,664,5844.0,199,5845.0,52,5846.0,143,5847.0,210,5848.0,135,5849.0,171,5850.0,389,5845.0
v2409,DCE,13:39:27.742#,5835.0,5877.0,5797.0,6197.0,5497.0,581494,906222.0,5841.0,180,5842.0,260,5843.0,667,5844.0,198,5845.0,76,5846.0,143,5847.0,208,5848.0,144,5849.0,171,5850.0,389,5845.0
v2409,DCE,13:39:27.991#,5835.0,5877.0,5797.0,6197.0,5497.0,581494,906222.0,5841.0,180,5842.0,261,5843.0,668,5844.0,200,5845.0,77,5846.0,136,5847.0,208,5848.0,145,5849.0,171,5850.0,389,5845.0
v2409,DCE,13:39:28.516#,5835.0,5877.0,5797.0,6197.0,5497.0,581510,906219.0,5841.0,180,5842.0,261,5843.0,668,5844.0,210,5845.0,74,5846.0,125,5847.0,208,5848.0,145,5849.0,171,5850.0,389,5845.0
v2409,DCE,13:39:28.712#,5835.0,5877.0,5797.0,6197.0,5497.0,581510,906219.0,5841.0,180,5842.0,261,5843.0,668,5844.0,210,5845.0,74,5846.0,125,5847.0,195,5848.0,145,5849.0,171,5850.0,389,5845.0
v2409,DCE,13:39:29.54#,5835.0,5877.0,5797.0,6197.0,5497.0,581510,906219.0,5841.0,180,5842.0,261,5843.0,668,5844.0,212,5845.0,75,5846.0,127,5847.0,195,5848.0,145,5849.0,171,5850.0,389,5845.0
v2409,DCE,13:39:29.285#,5835.0,5877.0,5797.0,6197.0,5497.0,581510,906219.0,5841.0,180,5842.0,261,5843.0,669,5844.0,211,5845.0,75,5846.0,128,5847.0,195,5848.0,145,5849.0,171,5850.0,389,5845.0
v2409,DCE,13:39:29.501#,5835.0,5877.0,5797.0,6197.0,5497.0,581510,906219.0,5841.0,180,5842.0,261,5843.0,668,5844.0,212,5845.0,76,5846.0,128,5847.0,195,5848.0,145,5849.0,171,5850.0,389,5845.0
v2409,DCE,13:39:29.789#,5835.0,5877.0,5797.0,6197.0,5497.0,581510,906219.0,5841.0,180,5842.0,261,5843.0,668,5844.0,212,5845.0,77,5846.0,128,5847.0,195,5848.0,145,5849.0,171,5850.0,389,5845.0
v2409,DCE,13:39:30.55#,5835.0,5877.0,5797.0,6197.0,5497.0,581511,906219.0,5841.0,180,5842.0,261,5843.0,668,5844.0,213,5845.0,79,5846.0,127,5847.0,195,5848.0,145,5849.0,171,5850.0,389,5846.0
v2409,DCE,13:39:30.283#,5835.0,5877.0,5797.0,6197.0,5497.0,581517,906214.0,5841.0,182,5842.0,261,5843.0,668,5844.0,213,5845.0,79,5846.0,131,5847.0,195,5848.0,145,5849.0,169,5850.0,389,5846.0
v2409,DCE,13:39:30.550#,5835.0,5877.0,5797.0,6197.0,5497.0,581521,906214.0,5841.0,180,5842.0,261,5843.0,667,5844.0,214,5845.0,78,5846.0,128,5847.0,195,5848.0,145,5849.0,171,5850.0,389,5846.0
v2409,DCE,13:39:30.754#,5835.0,5877.0,5797.0,6197.0,5497.0,581523,906212.0,5841.0,182,5842.0,261,5843.0,667,5844.0,214,5845.0,76,5846.0,133,5847.0,195,5848.0,145,5849.0,169,5850.0,389,5845.0
v2409,DCE,13:39:30.844#,5835.0,5877.0,5797.0,6197.0,5497.0,581523,906212.0,5841.0,180,5842.0,261,5843.0,667,5844.0,214,5845.0,76,5846.0,133,5847.0,195,5848.0,145,5849.0,171,5850.0,389,5845.0
v2409,DCE,13:39:31.269#,5835.0,5877.0,5797.0,6197.0,5497.0,581523,906212.0,5841.0,180,5842.0,261,5843.0,667,5844.0,214,5845.0,77,5846.0,133,5847.0,196,5848.0,145,5849.0,171,5850.0,389,5845.0
v2409,DCE,13:39:31.509#,5835.0,5877.0,5797.0,6197.0,5497.0,581525,906210.0,5841.0,180,5842.0,261,5843.0,667,5844.0,213,5845.0,75,5846.0,133,5847.0,196,5848.0,145,5849.0,171,5850.0,389,5845.0
v2409,DCE,13:39:31.661#,5835.0,5877.0,5797.0,6197.0,5497.0,581525,906210.0,5841.0,180,5842.0,261,5843.0,667,5844.0,213,5845.0,74,5846.0,133,5847.0,196,5848.0,145,5849.0,171,5850.0,389,5845.0
v2409,DCE,13:39:31.847#,5835.0,5877.0,5797.0,6197.0,5497.0,581525,906210.0,5841.0,180,5842.0,261,5843.0,667,5844.0,213,5845.0,64,5846.0,133,5847.0,196,5848.0,145,5849.0,171,5850.0,389,5845.0
v2409,DCE,13:39:32.258#,5835.0,5877.0,5797.0,6197.0,5497.0,581527,906208.0,5841.0,180,5842.0,249,5843.0,668,5844.0,212,5845.0,64,5846.0,132,5847.0,196,5848.0,145,5849.0,171,5850.0,389,5846.0
v2409,DCE,13:39:32.387#,5835.0,5877.0,5797.0,6197.0,5497.0,581527,906208.0,5841.0,180,5842.0,249,5843.0,668,5844.0,212,5845.0,65,5846.0,132,5847.0,196,5848.0,143,5849.0,171,5850.0,389,5846.0
v2409,DCE,13:39:32.778#,5835.0,5877.0,5797.0,6197.0,5497.0,581550,906188.0,5841.0,181,5842.0,249,5843.0,667,5844.0,218,5845.0,63,5846.0,111,5847.0,196,5848.0,143,5849.0,171,5850.0,389,5845.0
v2409,DCE,13:39:32.855#,5835.0,5877.0,5797.0,6197.0,5497.0,581550,906188.0,5841.0,183,5842.0,249,5843.0,667,5844.0,218,5845.0,63,5846.0,110,5847.0,196,5848.0,143,5849.0,169,5850.0,389,5845.0
v2409,DCE,13:39:33.222#,5835.0,5877.0,5797.0,6197.0,5497.0,581550,906188.0,5841.0,181,5842.0,249,5843.0,667,5844.0,219,5845.0,63,5846.0,110,5847.0,196,5848.0,143,5849.0,171,5850.0,393,5845.0
v2409,DCE,13:39:33.532#,5835.0,5877.0,5797.0,6197.0,5497.0,581550,906188.0,5841.0,181,5842.0,249,5843.0,667,5844.0,221,5845.0,63,5846.0,110,5847.0,196,5848.0,144,5849.0,170,5850.0,393,5845.0
v2409,DCE,13:39:33.779#,5835.0,5877.0,5797.0,6197.0,5497.0,581562,906194.0,5841.0,181,5842.0,250,5843.0,667,5844.0,221,5845.0,53,5846.0,110,5847.0,196,5848.0,144,5849.0,170,5850.0,393,5845.0
v2409,DCE,13:39:33.863#,5835.0,5877.0,5797.0,6197.0,5497.0,581564,906194.0,5841.0,181,5842.0,250,5843.0,667,5844.0,221,5845.0,51,5846.0,110,5847.0,196,5848.0,144,5849.0,170,5850.0,393,5845.0
v2409,DCE,13:39:34.189#,5835.0,5877.0,5797.0,6197.0,5497.0,581564,906194.0,5841.0,181,5842.0,250,5843.0,667,5844.0,221,5845.0,52,5846.0,111,5847.0,196,5848.0,144,5849.0,170,5850.0,393,5845.0
v2409,DCE,13:39:34.553#,5835.0,5877.0,5797.0,6197.0,5497.0,581576,906197.0,5841.0,181,5842.0,250,5843.0,666,5844.0,221,5845.0,42,5846.0,111,5847.0,178,5848.0,145,5849.0,170,5850.0,393,5845.0
v2409,DCE,13:39:34.816#,5835.0,5877.0,5797.0,6197.0,5497.0,581577,906197.0,5841.0,181,5842.0,248,5843.0,667,5844.0,219,5845.0,46,5846.0,112,5847.0,178,5848.0,145,5849.0,170,5850.0,393,5846.0
v2409,DCE,13:39:34.835#,5835.0,5877.0,5797.0,6197.0,5497.0,581577,906197.0,5841.0,181,5842.0,248,5843.0,667,5844.0,219,5845.0,46,5846.0,111,5847.0,178,5848.0,145,5849.0,174,5850.0,393,5846.0
v2409,DCE,13:39:35.314#,5835.0,5877.0,5797.0,6197.0,5497.0,581577,906197.0,5841.0,181,5842.0,248,5843.0,667,5844.0,219,5845.0,49,5846.0,111,5847.0,178,5848.0,145,5849.0,170,5850.0,397,5846.0
v2409,DCE,13:39:35.397#,5835.0,5877.0,5797.0,6197.0,5497.0,581577,906197.0,5841.0,181,5842.0,248,5843.0,666,5844.0,222,5845.0,51,5846.0,109,5847.0,178,5848.0,145,5849.0,170,5850.0,397,5846.0
v2409,DCE,13:39:35.745#,5835.0,5877.0,5797.0,6197.0,5497.0,581577,906197.0,5841.0,181,5842.0,248,5843.0,666,5844.0,223,5845.0,51,5846.0,109,5847.0,178,5848.0,142,5849.0,173,5850.0,397,5846.0
v2409,DCE,13:39:35.976#,5835.0,5877.0,5797.0,6197.0,5497.0,581577,906197.0,5841.0,181,5842.0,248,5843.0,666,5844.0,223,5845.0,51,5846.0,110,5847.0,178,5848.0,142,5849.0,173,5850.0,397,5846.0
v2409,DCE,13:39:36.298#,5835.0,5877.0,5797.0,6197.0,5497.0,581578,906197.0,5841.0,181,5842.0,248,5843.0,666,5844.0,223,5845.0,52,5846.0,109,5847.0,188,5848.0,142,5849.0,173,5850.0,397,5846.0
v2409,DCE,13:39:36.354#,5835.0,5877.0,5797.0,6197.0,5497.0,581578,906197.0,5841.0,183,5842.0,248,5843.0,666,5844.0,223,5845.0,52,5846.0,109,5847.0,188,5848.0,144,5849.0,168,5850.0,397,5846.0
v2409,DCE,13:39:36.749#,5835.0,5877.0,5797.0,6197.0,5497.0,581578,906197.0,5841.0,181,5842.0,248,5843.0,666,5844.0,223,5845.0,52,5846.0,116,5847.0,188,5848.0,144,5849.0,170,5850.0,397,5846.0
v2409,DCE,13:39:36.973#,5835.0,5877.0,5797.0,6197.0,5497.0,581578,906197.0,5841.0,181,5842.0,248,5843.0,666,5844.0,229,5845.0,49,5846.0,116,5847.0,187,5848.0,145,5849.0,170,5850.0,397,5846.0
v2409,DCE,13:39:37.307#,5835.0,5877.0,5797.0,6197.0,5497.0,581579,906197.0,5841.0,181,5842.0,248,5843.0,666,5844.0,228,5845.0,58,5846.0,116,5847.0,187,5848.0,145,5849.0,170,5850.0,397,5846.0
v2409,DCE,13:39:37.565#,5835.0,5877.0,5797.0,6197.0,5497.0,581579,906197.0,5841.0,181,5842.0,248,5843.0,666,5844.0,228,5845.0,58,5846.0,117,5847.0,187,5848.0,145,5849.0,170,5850.0,367,5846.0
v2409,DCE,13:39:37.687#,5835.0,5877.0,5797.0,6197.0,5497.0,581579,906197.0,5841.0,181,5842.0,248,5843.0,666,5844.0,229,5845.0,59,5846.0,117,5847.0,186,5848.0,145,5849.0,170,5850.0,367,5846.0
v2409,DCE,13:39:38.51#,5835.0,5877.0,5797.0,6197.0,5497.0,581579,906197.0,5841.0,181,5842.0,248,5843.0,666,5844.0,229,5845.0,60,5846.0,117,5847.0,186,5848.0,145,5849.0,170,5850.0,367,5846.0
v2409,DCE,13:39:38.239#,5835.0,5877.0,5797.0,6197.0,5497.0,581579,906197.0,5841.0,181,5842.0,248,5843.0,666,5844.0,229,5845.0,61,5846.0,119,5847.0,186,5848.0,145,5849.0,170,5850.0,367,5846.0
v2409,DCE,13:39:38.548#,5835.0,5877.0,5797.0,6197.0,5497.0,581579,906197.0,5841.0,181,5842.0,248,5843.0,666,5844.0,229,5845.0,61,5846.0,120,5847.0,186,5848.0,145,5849.0,170,5850.0,367,5846.0
v2409,DCE,13:39:38.765#,5835.0,5877.0,5797.0,6197.0,5497.0,581581,906197.0,5841.0,181,5842.0,248,5843.0,666,5844.0,229,5845.0,63,5846.0,125,5847.0,186,5848.0,145,5849.0,170,5850.0,367,5845.0
v2409,DCE,13:39:39.5#,5835.0,5877.0,5797.0,6197.0,5497.0,581581,906197.0,5841.0,181,5842.0,248,5843.0,665,5844.0,229,5845.0,63,5846.0,125,5847.0,186,5848.0,145,5849.0,170,5850.0,367,5845.0
v2409,DCE,13:39:39.299#,5835.0,5877.0,5797.0,6197.0,5497.0,581582,906196.0,5841.0,181,5842.0,248,5843.0,665,5844.0,229,5845.0,68,5846.0,126,5847.0,186,5848.0,145,5849.0,170,5850.0,367,5845.0
v2409,DCE,13:39:39.768#,5835.0,5877.0,5797.0,6197.0,5497.0,581585,906195.0,5841.0,181,5842.0,248,5843.0,665,5844.0,229,5845.0,68,5846.0,123,5847.0,186,5848.0,145,5849.0,170,5850.0,367,5846.0
v2409,DCE,13:39:40.71#,5835.0,5877.0,5797.0,6197.0,5497.0,581585,906195.0,5841.0,183,5842.0,248,5843.0,664,5844.0,229,5845.0,68,5846.0,124,5847.0,161,5848.0,142,5849.0,171,5850.0,367,5846.0
v2409,DCE,13:39:40.114#,5835.0,5877.0,5797.0,6197.0,5497.0,581586,906195.0,5841.0,181,5842.0,248,5843.0,664,5844.0,229,5845.0,68,5846.0,123,5847.0,160,5848.0,142,5849.0,172,5850.0,367,5846.0
v2409,DCE,13:39:40.511#,5835.0,5877.0,5797.0,6197.0,5497.0,581586,906195.0,5841.0,183,5842.0,247,5843.0,664,5844.0,229,5845.0,71,5846.0,123,5847.0,160,5848.0,142,5849.0,172,5850.0,367,5846.0
v2409,DCE,13:39:40.798#,5835.0,5877.0,5797.0,6197.0,5497.0,581586,906195.0,5841.0,181,5842.0,247,5843.0,674,5844.0,229,5845.0,71,5846.0,125,5847.0,161,5848.0,145,5849.0,169,5850.0,367,5846.0
v2409,DCE,13:39:41.67#,5835.0,5877.0,5797.0,6197.0,5497.0,581586,906195.0,5841.0,181,5842.0,247,5843.0,674,5844.0,229,5845.0,73,5846.0,126,5847.0,161,5848.0,145,5849.0,171,5850.0,367,5846.0
v2409,DCE,13:39:41.315#,5835.0,5877.0,5797.0,6197.0,5497.0,581586,906195.0,5841.0,181,5842.0,247,5843.0,674,5844.0,230,5845.0,73,5846.0,126,5847.0,161,5848.0,142,5849.0,174,5850.0,367,5846.0
v2409,DCE,13:39:41.523#,5835.0,5877.0,5797.0,6197.0,5497.0,581586,906195.0,5841.0,181,5842.0,246,5843.0,674,5844.0,231,5845.0,73,5846.0,127,5847.0,160,5848.0,143,5849.0,174,5850.0,367,5846.0
v2409,DCE,13:39:41.612#,5835.0,5877.0,5797.0,6197.0,5497.0,581586,906195.0,5841.0,181,5842.0,243,5843.0,674,5844.0,231,5845.0,73,5846.0,127,5847.0,160,5848.0,143,5849.0,173,5850.0,367,5846.0
v2409,DCE,13:39:42.222#,5835.0,5877.0,5797.0,6197.0,5497.0,581586,906195.0,5841.0,181,5842.0,243,5843.0,674,5844.0,231,5845.0,74,5846.0,127,5847.0,160,5848.0,143,5849.0,173,5850.0,369,5846.0
v2409,DCE,13:39:42.562#,5835.0,5877.0,5797.0,6197.0,5497.0,581589,906195.0,5841.0,181,5842.0,243,5843.0,674,5844.0,231,5845.0,73,5846.0,129,5847.0,160,5848.0,143,5849.0,173,5850.0,369,5846.0
v2409,DCE,13:39:42.680#,5835.0,5877.0,5797.0,6197.0,5497.0,581590,906196.0,5841.0,181,5842.0,243,5843.0,674,5844.0,231,5845.0,75,5846.0,127,5847.0,160,5848.0,143,5849.0,173,5850.0,369,5846.0
v2409,DCE,13:39:43.46#,5835.0,5877.0,5797.0,6197.0,5497.0,581590,906196.0,5841.0,183,5842.0,243,5843.0,674,5844.0,231,5845.0,75,5846.0,128,5847.0,160,5848.0,143,5849.0,171,5850.0,369,5846.0
v2409,DCE,13:39:43.227#,5835.0,5877.0,5797.0,6197.0,5497.0,581590,906196.0,5841.0,181,5842.0,243,5843.0,674,5844.0,230,5845.0,75,5846.0,128,5847.0,160,5848.0,143,5849.0,171,5850.0,369,5846.0
v2409,DCE,13:39:43.532#,5835.0,5877.0,5797.0,6197.0,5497.0,581594,906200.0,5841.0,181,5842.0,243,5843.0,674,5844.0,230,5845.0,77,5846.0,124,5847.0,159,5848.0,143,5849.0,173,5850.0,369,5846.0
v2409,DCE,13:39:43.646#,5835.0,5877.0,5797.0,6197.0,5497.0,581594,906200.0,5841.0,183,5842.0,243,5843.0,674,5844.0,231,5845.0,77,5846.0,124,5847.0,159,5848.0,143,5849.0,171,5850.0,369,5846.0
v2409,DCE,13:39:43.847#,5835.0,5877.0,5797.0,6197.0,5497.0,581594,906200.0,5841.0,181,5842.0,243,5843.0,674,5844.0,231,5845.0,77,5846.0,124,5847.0,159,5848.0,143,5849.0,171,5850.0,369,5846.0
v2409,DCE,13:39:44.197#,5835.0,5877.0,5797.0,6197.0,5497.0,581596,906199.0,5841.0,181,5842.0,243,5843.0,674,5844.0,231,5845.0,77,5846.0,123,5847.0,159,5848.0,143,5849.0,173,5850.0,369,5846.0
v2409,DCE,13:39:44.549#,5835.0,5877.0,5797.0,6197.0,5497.0,581598,906200.0,5841.0,181,5842.0,243,5843.0,674,5844.0,236,5845.0,81,5846.0,120,5847.0,159,5848.0,143,5849.0,173,5850.0,369,5846.0
v2409,DCE,13:39:44.778#,5835.0,5877.0,5797.0,6197.0,5497.0,581599,906200.0,5841.0,183,5842.0,243,5843.0,674,5844.0,234,5845.0,80,5846.0,121,5847.0,159,5848.0,143,5849.0,171,5850.0,369,5845.0
v2409,DCE,13:39:45.32#,5835.0,5877.0,5797.0,6197.0,5497.0,581599,906200.0,5841.0,181,5842.0,243,5843.0,673,5844.0,234,5845.0,80,5846.0,121,5847.0,159,5848.0,143,5849.0,171,5850.0,369,5845.0
v2409,DCE,13:39:45.311#,5835.0,5877.0,5797.0,6197.0,5497.0,581602,906200.0,5841.0,181,5842.0,243,5843.0,673,5844.0,234,5845.0,82,5846.0,118,5847.0,159,5848.0,143,5849.0,173,5850.0,369,5846.0
v2409,DCE,13:39:45.526#,5835.0,5877.0,5797.0,6197.0,5497.0,581602,906200.0,5841.0,183,5842.0,242,5843.0,674,5844.0,234,5845.0,82,5846.0,119,5847.0,159,5848.0,143,5849.0,171,5850.0,369,5846.0
v2409,DCE,13:39:45.772#,5835.0,5877.0,5797.0,6197.0,5497.0,581603,906200.0,5841.0,179,5842.0,242,5843.0,674,5844.0,233,5845.0,83,5846.0,118,5847.0,159,5848.0,143,5849.0,171,5850.0,369,5846.0
v2409,DCE,13:39:46.57#,5835.0,5877.0,5797.0,6197.0,5497.0,581605,906198.0,5841.0,181,5842.0,242,5843.0,674,5844.0,233,5845.0,82,5846.0,118,5847.0,173,5848.0,161,5849.0,171,5850.0,369,5845.0
v2409,DCE,13:39:46.286#,5835.0,5877.0,5797.0,6197.0,5497.0,581606,906198.0,5841.0,179,5842.0,242,5843.0,674,5844.0,233,5845.0,84,5846.0,117,5847.0,173,5848.0,161,5849.0,171,5850.0,369,5846.0
v2409,DCE,13:39:46.530#,5835.0,5877.0,5797.0,6197.0,5497.0,581607,906198.0,5841.0,181,5842.0,241,5843.0,674,5844.0,233,5845.0,84,5846.0,117,5847.0,173,5848.0,161,5849.0,171,5850.0,369,5845.0
v2409,DCE,13:39:46.755#,5835.0,5877.0,5797.0,6197.0,5497.0,581607,906198.0,5841.0,199,5842.0,241,5843.0,674,5844.0,233,5845.0,85,5846.0,117,5847.0,174,5848.0,161,5849.0,171,5850.0,369,5845.0
v2409,DCE,13:39:47.49#,5835.0,5877.0,5797.0,6197.0,5497.0,581622,906198.0,5841.0,200,5842.0,241,5843.0,674,5844.0,232,5845.0,71,5846.0,118,5847.0,174,5848.0,161,5849.0,174,5850.0,369,5845.0
v2409,DCE,13:39:47.311#,5835.0,5877.0,5797.0,6197.0,5497.0,581627,906200.0,5841.0,200,5842.0,241,5843.0,674,5844.0,232,5845.0,72,5846.0,116,5847.0,174,5848.0,161,5849.0,174,5850.0,369,5846.0
v2409,DCE,13:39:47.340#,5835.0,5877.0,5797.0,6197.0,5497.0,581627,906200.0,5841.0,200,5842.0,241,5843.0,674,5844.0,232,5845.0,74,5846.0,116,5847.0,174,5848.0,161,5849.0,174,5850.0,369,5846.0
v2409,DCE,13:39:47.734#,5835.0,5877.0,5797.0,6197.0,5497.0,581627,906200.0,5841.0,200,5842.0,241,5843.0,666,5844.0,232,5845.0,104,5846.0,116,5847.0,174,5848.0,161,5849.0,174,5850.0,369,5846.0
v2409,DCE,13:39:47.961#,5835.0,5877.0,5797.0,6197.0,5497.0,581628,906200.0,5841.0,200,5842.0,241,5843.0,666,5844.0,232,5845.0,105,5846.0,115,5847.0,174,5848.0,161,5849.0,174,5850.0,369,5846.0
v2409,DCE,13:39:48.321#,5835.0,5877.0,5797.0,6197.0,5497.0,581628,906200.0,5841.0,202,5842.0,240,5843.0,667,5844.0,232,5845.0,105,5846.0,116,5847.0,174,5848.0,161,5849.0,173,5850.0,369,5846.0
v2409,DCE,13:39:48.542#,5835.0,5877.0,5797.0,6197.0,5497.0,581628,906200.0,5841.0,200,5842.0,240,5843.0,667,5844.0,231,5845.0,105,5846.0,116,5847.0,173,5848.0,161,5849.0,173,5850.0,369,5846.0
v2409,DCE,13:39:48.729#,5835.0,5877.0,5797.0,6197.0,5497.0,581630,906200.0,5841.0,200,5842.0,240,5843.0,667,5844.0,239,5845.0,108,5846.0,115,5847.0,173,5848.0,161,5849.0,175,5850.0,369,5845.0
v2409,DCE,13:39:48.931#,5835.0,5877.0,5797.0,6197.0,5497.0,581631,906201.0,5841.0,200,5842.0,240,5843.0,668,5844.0,240,5845.0,108,5846.0,113,5847.0,173,5848.0,161,5849.0,175,5850.0,369,5846.0
v2409,DCE,13:39:49.318#,5835.0,5877.0,5797.0,6197.0,5497.0,581667,906223.0,5841.0,202,5842.0,240,5843.0,658,5844.0,240,5845.0,108,5846.0,79,5847.0,173,5848.0,161,5849.0,173,5850.0,369,5846.0
v2409,DCE,13:39:49.488#,5835.0,5877.0,5797.0,6197.0,5497.0,581681,906211.0,5841.0,202,5842.0,240,5843.0,658,5844.0,232,5845.0,119,5846.0,65,5847.0,173,5848.0,160,5849.0,171,5850.0,369,5846.0
v2409,DCE,13:39:49.590#,5835.0,5877.0,5797.0,6197.0,5497.0,581681,906211.0,5841.0,206,5842.0,240,5843.0,658,5844.0,232,5845.0,119,5846.0,65,5847.0,173,5848.0,160,5849.0,169,5850.0,369,5846.0
v2409,DCE,13:39:50.15#,5835.0,5877.0,5797.0,6197.0,5497.0,581681,906211.0,5841.0,206,5842.0,240,5843.0,657,5844.0,233,5845.0,120,5846.0,65,5847.0,173,5848.0,160,5849.0,169,5850.0,369,5846.0
v2409,DCE,13:39:50.299#,5835.0,5877.0,5797.0,6197.0,5497.0,581682,906211.0,5841.0,206,5842.0,240,5843.0,658,5844.0,223,5845.0,119,5846.0,66,5847.0,173,5848.0,160,5849.0,169,5850.0,369,5845.0
v2409,DCE,13:39:50.556#,5835.0,5877.0,5797.0,6197.0,5497.0,581691,906215.0,5841.0,204,5842.0,240,5843.0,658,5844.0,223,5845.0,119,5846.0,58,5847.0,173,5848.0,160,5849.0,171,5850.0,369,5846.0
v2409,DCE,13:39:50.759#,5835.0,5877.0,5797.0,6197.0,5497.0,581694,906217.0,5841.0,207,5842.0,240,5843.0,660,5844.0,222,5845.0,118,5846.0,54,5847.0,172,5848.0,160,5849.0,169,5850.0,369,5846.0
v2409,DCE,13:39:51.72#,5835.0,5877.0,5797.0,6197.0,5497.0,581694,906217.0,5841.0,207,5842.0,240,5843.0,659,5844.0,221,5845.0,126,5846.0,55,5847.0,172,5848.0,160,5849.0,170,5850.0,369,5846.0
v2409,DCE,13:39:51.269#,5835.0,5877.0,5797.0,6197.0,5497.0,581694,906217.0,5841.0,207,5842.0,240,5843.0,652,5844.0,220,5845.0,128,5846.0,55,5847.0,172,5848.0,160,5849.0,170,5850.0,369,5846.0
v2409,DCE,13:39:51.556#,5835.0,5877.0,5797.0,6197.0,5497.0,581695,906218.0,5841.0,207,5842.0,240,5843.0,652,5844.0,253,5845.0,128,5846.0,54,5847.0,172,5848.0,160,5849.0,170,5850.0,369,5846.0
v2409,DCE,13:39:51.803#,5835.0,5877.0,5797.0,6197.0,5497.0,581696,906219.0,5841.0,207,5842.0,240,5843.0,651,5844.0,254,5845.0,127,5846.0,64,5847.0,172,5848.0,160,5849.0,170,5850.0,369,5845.0
v2409,DCE,13:39:52.72#,5835.0,5877.0,5797.0,6197.0,5497.0,581696,906219.0,5841.0,205,5842.0,240,5843.0,651,5844.0,255,5845.0,126,5846.0,65,5847.0,172,5848.0,160,5849.0,172,5850.0,369,5845.0
v2409,DCE,13:39:52.284#,5835.0,5877.0,5797.0,6197.0,5497.0,581697,906219.0,5841.0,207,5842.0,240,5843.0,650,5844.0,258,5845.0,126,5846.0,65,5847.0,172,5848.0,161,5849.0,170,5850.0,369,5846.0
v2409,DCE,13:39:52.507#,5835.0,5877.0,5797.0,6197.0,5497.0,581697,906219.0,5841.0,208,5842.0,240,5843.0,650,5844.0,258,5845.0,127,5846.0,65,5847.0,172,5848.0,162,5849.0,170,5850.0,369,5846.0
v2409,DCE,13:39:52.803#,5835.0,5877.0,5797.0,6197.0,5497.0,581697,906219.0,5841.0,208,5842.0,240,5843.0,646,5844.0,262,5845.0,127,5846.0,65,5847.0,176,5848.0,162,5849.0,170,5850.0,369,5846.0
v2409,DCE,13:39:53.19#,5835.0,5877.0,5797.0,6197.0,5497.0,581698,906220.0,5841.0,208,5842.0,240,5843.0,645,5844.0,263,5845.0,128,5846.0,64,5847.0,176,5848.0,162,5849.0,170,5850.0,369,5846.0
v2409,DCE,13:39:53.215#,5835.0,5877.0,5797.0,6197.0,5497.0,581698,906220.0,5841.0,208,5842.0,240,5843.0,645,5844.0,264,5845.0,128,5846.0,64,5847.0,176,5848.0,163,5849.0,170,5850.0,369,5846.0
v2409,DCE,13:39:53.563#,5835.0,5877.0,5797.0,6197.0,5497.0,581698,906220.0,5841.0,208,5842.0,240,5843.0,645,5844.0,273,5845.0,128,5846.0,64,5847.0,176,5848.0,162,5849.0,170,5850.0,369,5846.0
v2409,DCE,13:39:54.294#,5835.0,5877.0,5797.0,6197.0,5497.0,581699,906221.0,5841.0,208,5842.0,240,5843.0,645,5844.0,273,5845.0,127,5846.0,63,5847.0,176,5848.0,162,5849.0,170,5850.0,369,5846.0
v2409,DCE,13:39:54.549#,5835.0,5877.0,5797.0,6197.0,5497.0,581701,906221.0,5841.0,208,5842.0,240,5843.0,645,5844.0,273,5845.0,127,5846.0,72,5847.0,176,5848.0,165,5849.0,167,5850.0,369,5845.0
v2409,DCE,13:39:54.743#,5835.0,5877.0,5797.0,6197.0,5497.0,581702,906221.0,5841.0,208,5842.0,240,5843.0,645,5844.0,273,5845.0,128,5846.0,75,5847.0,176,5848.0,158,5849.0,167,5850.0,369,5846.0
v2409,DCE,13:39:54.831#,5835.0,5877.0,5797.0,6197.0,5497.0,581702,906221.0,5841.0,208,5842.0,240,5843.0,645,5844.0,273,5845.0,126,5846.0,77,5847.0,176,5848.0,158,5849.0,167,5850.0,369,5846.0
v2409,DCE,13:39:55.318#,5835.0,5877.0,5797.0,6197.0,5497.0,581702,906221.0,5841.0,188,5842.0,240,5843.0,665,5844.0,273,5845.0,128,5846.0,78,5847.0,176,5848.0,159,5849.0,167,5850.0,369,5846.0
v2409,DCE,13:39:55.561#,5835.0,5877.0,5797.0,6197.0,5497.0,581702,906221.0,5841.0,188,5842.0,240,5843.0,665,5844.0,273,5845.0,133,5846.0,141,5847.0,176,5848.0,159,5849.0,167,5850.0,369,5846.0
v2409,DCE,13:39:55.736#,5835.0,5877.0,5797.0,6197.0,5497.0,581703,906220.0,5841.0,188,5842.0,240,5843.0,664,5844.0,276,5845.0,134,5846.0,142,5847.0,176,5848.0,160,5849.0,167,5850.0,371,5846.0
v2409,DCE,13:39:55.886#,5835.0,5877.0,5797.0,6197.0,5497.0,581703,906220.0,5841.0,188,5842.0,240,5843.0,665,5844.0,276,5845.0,138,5846.0,142,5847.0,176,5848.0,159,5849.0,167,5850.0,371,5846.0
v2409,DCE,13:39:56.224#,5835.0,5877.0,5797.0,6197.0,5497.0,581704,906220.0,5841.0,188,5842.0,239,5843.0,665,5844.0,276,5845.0,140,5846.0,142,5847.0,176,5848.0,159,5849.0,167,5850.0,371,5846.0
v2409,DCE,13:39:56.821#,5835.0,5877.0,5797.0,6197.0,5497.0,581704,906220.0,5841.0,187,5842.0,238,5843.0,663,5844.0,276,5845.0,140,5846.0,142,5847.0,176,5848.0,159,5849.0,167,5850.0,371,5846.0
v2409,DCE,13:39:57.60#,5835.0,5877.0,5797.0,6197.0,5497.0,581705,906220.0,5841.0,187,5842.0,238,5843.0,663,5844.0,276,5845.0,145,5846.0,142,5847.0,177,5848.0,159,5849.0,167,5850.0,371,5846.0
v2409,DCE,13:39:57.275#,5835.0,5877.0,5797.0,6197.0,5497.0,581707,906219.0,5841.0,187,5842.0,238,5843.0,663,5844.0,277,5845.0,146,5846.0,140,5847.0,176,5848.0,159,5849.0,167,5850.0,371,5846.0
v2409,DCE,13:39:57.548#,5835.0,5877.0,5797.0,6197.0,5497.0,581712,906222.0,5841.0,187,5842.0,238,5843.0,663,5844.0,277,5845.0,147,5846.0,135,5847.0,176,5848.0,159,5849.0,167,5850.0,371,5846.0
v2409,DCE,13:39:57.816#,5835.0,5877.0,5797.0,6197.0,5497.0,581713,906223.0,5841.0,187,5842.0,239,5843.0,664,5844.0,277,5845.0,147,5846.0,134,5847.0,176,5848.0,160,5849.0,167,5850.0,369,5846.0
v2409,DCE,13:39:58.6#,5835.0,5877.0,5797.0,6197.0,5497.0,581721,906221.0,5841.0,187,5842.0,239,5843.0,664,5844.0,277,5845.0,148,5846.0,127,5847.0,176,5848.0,160,5849.0,167,5850.0,369,5846.0
v2409,DCE,13:39:58.296#,5835.0,5877.0,5797.0,6197.0,5497.0,581738,906231.0,5841.0,187,5842.0,239,5843.0,664,5844.0,277,5845.0,133,5846.0,125,5847.0,176,5848.0,160,5849.0,167,5850.0,369,5846.0
v2409,DCE,13:39:58.543#,5835.0,5877.0,5797.0,6197.0,5497.0,581738,906231.0,5841.0,185,5842.0,239,5843.0,664,5844.0,277,5845.0,133,5846.0,124,5847.0,176,5848.0,160,5849.0,169,5850.0,369,5846.0
v2409,DCE,13:39:58.797#,5835.0,5877.0,5797.0,6197.0,5497.0,581740,906230.0,5841.0,187,5842.0,238,5843.0,664,5844.0,278,5845.0,132,5846.0,124,5847.0,176,5848.0,160,5849.0,167,5850.0,369,5845.0
v2409,DCE,13:39:59.58#,5835.0,5877.0,5797.0,6197.0,5497.0,581741,906231.0,5841.0,187,5842.0,238,5843.0,664,5844.0,278,5845.0,132,5846.0,126,5847.0,176,5848.0,160,5849.0,167,5850.0,369,5846.0
v2409,DCE,13:39:59.548#,5835.0,5877.0,5797.0,6197.0,5497.0,581741,906231.0,5841.0,187,5842.0,238,5843.0,664,5844.0,278,5845.0,136,5846.0,126,5847.0,176,5848.0,162,5849.0,167,5850.0,369,5846.0
v2409,DCE,13:39:59.822#,5835.0,5877.0,5797.0,6197.0,5497.0,581746,906229.0,5841.0,187,5842.0,238,5843.0,658,5844.0,278,5845.0,142,5846.0,122,5847.0,176,5848.0,161,5849.0,167,5850.0,374,5846.0
v2409,DCE,13:39:59.923#,5835.0,5877.0,5797.0,6197.0,5497.0,581747,906229.0,5841.0,187,5842.0,238,5843.0,659,5844.0,278,5845.0,143,5846.0,121,5847.0,175,5848.0,162,5849.0,167,5850.0,374,5846.0
v2409,DCE,13:40:00.306#,5835.0,5877.0,5797.0,6197.0,5497.0,581747,906229.0,5841.0,187,5842.0,238,5843.0,659,5844.0,278,5845.0,143,5846.0,122,5847.0,175,5848.0,162,5849.0,167,5850.0,374,5846.0
v2409,DCE,13:40:00.465#,5835.0,5877.0,5797.0,6197.0,5497.0,581748,906230.0,5841.0,187,5842.0,238,5843.0,659,5844.0,278,5845.0,143,5846.0,122,5847.0,175,5848.0,162,5849.0,167,5850.0,374,5846.0
v2409,DCE,13:40:00.764#,5835.0,5877.0,5797.0,6197.0,5497.0,581750,906232.0,5841.0,187,5842.0,238,5843.0,659,5844.0,278,5845.0,143,5846.0,122,5847.0,175,5848.0,162,5849.0,174,5850.0,374,5846.0
v2409,DCE,13:40:01.65#,5835.0,5877.0,5797.0,6197.0,5497.0,581764,906231.0,5841.0,187,5842.0,239,5843.0,659,5844.0,279,5845.0,131,5846.0,123,5847.0,178,5848.0,162,5849.0,174,5850.0,374,5845.0
v2409,DCE,13:40:01.279#,5835.0,5877.0,5797.0,6197.0,5497.0,581765,906231.0,5841.0,185,5842.0,239,5843.0,659,5844.0,279,5845.0,132,5846.0,122,5847.0,178,5848.0,162,5849.0,176,5850.0,374,5846.0
v2409,DCE,13:40:01.558#,5835.0,5877.0,5797.0,6197.0,5497.0,581775,906239.0,5841.0,187,5842.0,239,5843.0,659,5844.0,279,5845.0,132,5846.0,112,5847.0,178,5848.0,162,5849.0,176,5850.0,374,5846.0
v2409,DCE,13:40:01.793#,5835.0,5877.0,5797.0,6197.0,5497.0,581775,906239.0,5841.0,187,5842.0,239,5843.0,659,5844.0,279,5845.0,133,5846.0,112,5847.0,178,5848.0,162,5849.0,176,5850.0,374,5846.0
v2409,DCE,13:40:02.60#,5835.0,5877.0,5797.0,6197.0,5497.0,581776,906240.0,5841.0,187,5842.0,239,5843.0,659,5844.0,279,5845.0,132,5846.0,117,5847.0,178,5848.0,162,5849.0,176,5850.0,374,5845.0
v2409,DCE,13:40:02.270#,5835.0,5877.0,5797.0,6197.0,5497.0,581781,906237.0,5841.0,185,5842.0,239,5843.0,659,5844.0,279,5845.0,128,5846.0,112,5847.0,178,5848.0,162,5849.0,178,5850.0,374,5846.0
v2409,DCE,13:40:02.333#,5835.0,5877.0,5797.0,6197.0,5497.0,581781,906237.0,5841.0,187,5842.0,239,5843.0,659,5844.0,279,5845.0,128,5846.0,112,5847.0,178,5848.0,162,5849.0,176,5850.0,374,5846.0
v2409,DCE,13:40:02.681#,5835.0,5877.0,5797.0,6197.0,5497.0,581781,906237.0,5841.0,187,5842.0,239,5843.0,659,5844.0,279,5845.0,128,5846.0,120,5847.0,178,5848.0,162,5849.0,176,5850.0,374,5846.0
v2409,DCE,13:40:03.65#,5835.0,5877.0,5797.0,6197.0,5497.0,581782,906237.0,5841.0,187,5842.0,239,5843.0,659,5844.0,279,5845.0,109,5846.0,123,5847.0,178,5848.0,162,5849.0,176,5850.0,374,5846.0
v2409,DCE,13:40:03.278#,5835.0,5877.0,5797.0,6197.0,5497.0,581783,906237.0,5841.0,185,5842.0,239,5843.0,659,5844.0,279,5845.0,110,5846.0,123,5847.0,178,5848.0,162,5849.0,178,5850.0,374,5846.0
v2409,DCE,13:40:03.492#,5835.0,5877.0,5797.0,6197.0,5497.0,581784,906238.0,5841.0,187,5842.0,239,5843.0,659,5844.0,279,5845.0,115,5846.0,122,5847.0,174,5848.0,162,5849.0,176,5850.0,374,5846.0
v2409,DCE,13:40:03.753#,5835.0,5877.0,5797.0,6197.0,5497.0,581784,906238.0,5841.0,187,5842.0,239,5843.0,659,5844.0,279,5845.0,114,5846.0,124,5847.0,174,5848.0,162,5849.0,176,5850.0,374,5846.0
v2409,DCE,13:40:04.71#,5835.0,5877.0,5797.0,6197.0,5497.0,581794,906246.0,5841.0,187,5842.0,239,5843.0,659,5844.0,273,5845.0,99,5846.0,126,5847.0,177,5848.0,162,5849.0,176,5850.0,374,5845.0
v2409,DCE,13:40:04.307#,5835.0,5877.0,5797.0,6197.0,5497.0,581794,906246.0,5841.0,185,5842.0,239,5843.0,659,5844.0,278,5845.0,99,5846.0,126,5847.0,177,5848.0,158,5849.0,178,5850.0,371,5845.0
v2409,DCE,13:40:04.346#,5835.0,5877.0,5797.0,6197.0,5497.0,581798,906244.0,5841.0,187,5842.0,239,5843.0,659,5844.0,278,5845.0,95,5846.0,126,5847.0,177,5848.0,158,5849.0,176,5850.0,371,5845.0
v2409,DCE,13:40:04.780#,5835.0,5877.0,5797.0,6197.0,5497.0,581810,906248.0,5841.0,185,5842.0,239,5843.0,659,5844.0,278,5845.0,84,5846.0,127,5847.0,177,5848.0,158,5849.0,178,5850.0,371,5845.0
v2409,DCE,13:40:04.991#,5835.0,5877.0,5797.0,6197.0,5497.0,581813,906250.0,5841.0,185,5842.0,239,5843.0,650,5844.0,278,5845.0,91,5846.0,125,5847.0,178,5848.0,150,5849.0,178,5850.0,371,5846.0
v2409,DCE,13:40:05.301#,5835.0,5877.0,5797.0,6197.0,5497.0,581814,906250.0,5841.0,187,5842.0,239,5843.0,650,5844.0,278,5845.0,90,5846.0,124,5847.0,174,5848.0,148,5849.0,176,5850.0,371,5845.0
v2409,DCE,13:40:05.468#,5835.0,5877.0,5797.0,6197.0,5497.0,581817,906253.0,5841.0,187,5842.0,239,5843.0,650,5844.0,280,5845.0,89,5846.0,122,5847.0,184,5848.0,148,5849.0,176,5850.0,371,5846.0
v2409,DCE,13:40:05.766#,5835.0,5877.0,5797.0,6197.0,5497.0,581817,906253.0,5841.0,187,5842.0,239,5843.0,658,5844.0,279,5845.0,89,5846.0,123,5847.0,184,5848.0,148,5849.0,176,5850.0,371,5846.0
v2409,DCE,13:40:06.65#,5835.0,5877.0,5797.0,6197.0,5497.0,581817,906253.0,5841.0,187,5842.0,239,5843.0,658,5844.0,278,5845.0,89,5846.0,124,5847.0,184,5848.0,148,5849.0,176,5850.0,371,5846.0
v2409,DCE,13:40:06.185#,5835.0,5877.0,5797.0,6197.0,5497.0,581819,906253.0,5841.0,187,5842.0,239,5843.0,656,5844.0,278,5845.0,87,5846.0,125,5847.0,184,5848.0,147,5849.0,176,5850.0,371,5845.0
v2409,DCE,13:40:06.449#,5835.0,5877.0,5797.0,6197.0,5497.0,581820,906254.0,5841.0,185,5842.0,239,5843.0,655,5844.0,278,5845.0,87,5846.0,126,5847.0,184,5848.0,147,5849.0,178,5850.0,371,5846.0
v2409,DCE,13:40:06.804#,5835.0,5877.0,5797.0,6197.0,5497.0,581824,906257.0,5841.0,187,5842.0,239,5843.0,655,5844.0,278,5845.0,83,5846.0,126,5847.0,184,5848.0,147,5849.0,176,5850.0,371,5845.0
v2409,DCE,13:40:06.957#,5835.0,5877.0,5797.0,6197.0,5497.0,581825,906257.0,5841.0,185,5842.0,239,5843.0,655,5844.0,278,5845.0,82,5846.0,134,5847.0,186,5848.0,147,5849.0,178,5850.0,371,5845.0
v2409,DCE,13:40:07.283#,5835.0,5877.0,5797.0,6197.0,5497.0,581844,906262.0,5841.0,185,5842.0,239,5843.0,655,5844.0,277,5845.0,63,5846.0,134,5847.0,186,5848.0,147,5849.0,178,5850.0,371,5845.0
v2409,DCE,13:40:07.546#,5835.0,5877.0,5797.0,6197.0,5497.0,581929,906276.0,5840.0,933,5841.0,184,5842.0,239,5843.0,691,5844.0,271,5846.0,133,5847.0,187,5848.0,150,5849.0,178,5850.0,367,5846.0
v2409,DCE,13:40:07.795#,5835.0,5877.0,5797.0,6197.0,5497.0,581946,906259.0,5840.0,933,5841.0,182,5842.0,239,5843.0,689,5844.0,255,5845.0,45,5846.0,144,5847.0,149,5848.0,150,5849.0,178,5845.0
v2409,DCE,13:40:08.70#,5835.0,5877.0,5797.0,6197.0,5497.0,581948,906259.0,5840.0,933,5841.0,180,5842.0,239,5843.0,689,5844.0,255,5845.0,64,5846.0,145,5847.0,149,5848.0,150,5849.0,180,5845.0
v2409,DCE,13:40:08.286#,5835.0,5877.0,5797.0,6197.0,5497.0,581950,906259.0,5840.0,941,5841.0,178,5842.0,239,5843.0,689,5844.0,255,5845.0,69,5846.0,132,5847.0,149,5848.0,150,5849.0,182,5845.0
v2409,DCE,13:40:08.537#,5835.0,5877.0,5797.0,6197.0,5497.0,581951,906259.0,5840.0,943,5841.0,178,5842.0,239,5843.0,690,5844.0,255,5845.0,51,5846.0,132,5847.0,149,5848.0,150,5849.0,184,5845.0
v2409,DCE,13:40:08.696#,5835.0,5877.0,5797.0,6197.0,5497.0,581955,906261.0,5840.0,943,5841.0,178,5842.0,239,5843.0,690,5844.0,251,5845.0,54,5846.0,129,5847.0,149,5848.0,150,5849.0,184,5844.0
v2409,DCE,13:40:09.51#,5835.0,5877.0,5797.0,6197.0,5497.0,581956,906261.0,5840.0,941,5841.0,178,5842.0,239,5843.0,703,5844.0,251,5845.0,56,5846.0,133,5847.0,149,5848.0,150,5849.0,182,5845.0
v2409,DCE,13:40:09.283#,5835.0,5877.0,5797.0,6197.0,5497.0,581957,906262.0,5840.0,941,5841.0,178,5842.0,239,5843.0,703,5844.0,251,5845.0,62,5846.0,133,5847.0,149,5848.0,150,5849.0,182,5845.0
v2409,DCE,13:40:09.548#,5835.0,5877.0,5797.0,6197.0,5497.0,581957,906262.0,5840.0,941,5841.0,178,5842.0,239,5843.0,704,5844.0,251,5845.0,74,5846.0,124,5847.0,149,5848.0,150,5849.0,182,5845.0
v2409,DCE,13:40:09.766#,5835.0,5877.0,5797.0,6197.0,5497.0,581987,906251.0,5840.0,943,5841.0,178,5842.0,239,5843.0,705,5844.0,240,5845.0,56,5846.0,124,5847.0,149,5848.0,150,5849.0,185,5845.0
v2409,DCE,13:40:10.67#,5835.0,5877.0,5797.0,6197.0,5497.0,581987,906251.0,5840.0,943,5841.0,178,5842.0,249,5843.0,715,5844.0,240,5845.0,78,5846.0,124,5847.0,149,5848.0,150,5849.0,185,5845.0
v2409,DCE,13:40:10.263#,5835.0,5877.0,5797.0,6197.0,5497.0,581987,906251.0,5840.0,943,5841.0,178,5842.0,249,5843.0,715,5844.0,241,5845.0,80,5846.0,124,5847.0,149,5848.0,150,5849.0,185,5845.0
v2409,DCE,13:40:10.820#,5835.0,5877.0,5797.0,6197.0,5497.0,581988,906251.0,5840.0,941,5841.0,178,5842.0,249,5843.0,715,5844.0,241,5845.0,80,5846.0,129,5847.0,152,5848.0,150,5849.0,185,5845.0
v2409,DCE,13:40:10.917#,5835.0,5877.0,5797.0,6197.0,5497.0,581990,906251.0,5840.0,941,5841.0,178,5842.0,249,5843.0,715,5844.0,241,5845.0,86,5846.0,129,5847.0,152,5848.0,150,5849.0,185,5845.0
v2409,DCE,13:40:11.236#,5835.0,5877.0,5797.0,6197.0,5497.0,581990,906251.0,5840.0,941,5841.0,178,5842.0,249,5843.0,715,5844.0,241,5845.0,87,5846.0,131,5847.0,152,5848.0,150,5849.0,185,5845.0
v2409,DCE,13:40:11.925#,5835.0,5877.0,5797.0,6197.0,5497.0,581990,906251.0,5840.0,941,5841.0,178,5842.0,249,5843.0,715,5844.0,242,5845.0,87,5846.0,131,5847.0,153,5848.0,150,5849.0,185,5845.0
v2409,DCE,13:40:12.229#,5835.0,5877.0,5797.0,6197.0,5497.0,581990,906251.0,5840.0,941,5841.0,177,5842.0,249,5843.0,716,5844.0,242,5845.0,87,5846.0,133,5847.0,153,5848.0,150,5849.0,185,5845.0
v2409,DCE,13:40:12.491#,5835.0,5877.0,5797.0,6197.0,5497.0,581993,906248.0,5840.0,941,5841.0,176,5842.0,249,5843.0,716,5844.0,242,5845.0,84,5846.0,133,5847.0,153,5848.0,150,5849.0,185,5845.0
v2409,DCE,13:40:12.805#,5835.0,5877.0,5797.0,6197.0,5497.0,581993,906248.0,5840.0,941,5841.0,176,5842.0,249,5843.0,717,5844.0,252,5845.0,86,5846.0,133,5847.0,153,5848.0,148,5849.0,185,5845.0
v2409,DCE,13:40:12.967#,5835.0,5877.0,5797.0,6197.0,5497.0,581993,906248.0,5840.0,941,5841.0,176,5842.0,249,5843.0,718,5844.0,252,5845.0,86,5846.0,136,5847.0,153,5848.0,149,5849.0,185,5845.0
v2409,DCE,13:40:13.195#,5835.0,5877.0,5797.0,6197.0,5497.0,581993,906248.0,5840.0,941,5841.0,175,5842.0,249,5843.0,719,5844.0,252,5845.0,86,5846.0,136,5847.0,153,5848.0,149,5849.0,185,5845.0
v2409,DCE,13:40:13.526#,5835.0,5877.0,5797.0,6197.0,5497.0,581995,906246.0,5840.0,941,5841.0,175,5842.0,249,5843.0,720,5844.0,253,5845.0,84,5846.0,136,5847.0,153,5848.0,149,5849.0,185,5845.0
v2409,DCE,13:40:13.814#,5835.0,5877.0,5797.0,6197.0,5497.0,581996,906245.0,5840.0,941,5841.0,175,5842.0,249,5843.0,721,5844.0,251,5845.0,83,5846.0,136,5847.0,153,5848.0,149,5849.0,185,5845.0
v2409,DCE,13:40:14.63#,5835.0,5877.0,5797.0,6197.0,5497.0,581998,906243.0,5840.0,941,5841.0,175,5842.0,249,5843.0,721,5844.0,251,5845.0,81,5846.0,136,5847.0,153,5848.0,149,5849.0,185,5845.0
v2409,DCE,13:40:14.315#,5835.0,5877.0,5797.0,6197.0,5497.0,581998,906243.0,5840.0,941,5841.0,175,5842.0,249,5843.0,721,5844.0,251,5845.0,81,5846.0,136,5847.0,151,5848.0,149,5849.0,185,5845.0
v2409,DCE,13:40:14.490#,5835.0,5877.0,5797.0,6197.0,5497.0,581998,906243.0,5840.0,941,5841.0,175,5842.0,249,5843.0,721,5844.0,253,5845.0,82,5846.0,138,5847.0,151,5848.0,149,5849.0,185,5845.0
v2409,DCE,13:40:14.817#,5835.0,5877.0,5797.0,6197.0,5497.0,581999,906243.0,5840.0,961,5841.0,175,5842.0,249,5843.0,721,5844.0,253,5845.0,80,5846.0,138,5847.0,151,5848.0,149,5849.0,185,5845.0
v2409,DCE,13:40:15.60#,5835.0,5877.0,5797.0,6197.0,5497.0,582019,906256.0,5840.0,961,5841.0,175,5842.0,249,5843.0,721,5844.0,255,5845.0,60,5846.0,138,5847.0,151,5848.0,146,5849.0,188,5845.0
v2409,DCE,13:40:15.306#,5835.0,5877.0,5797.0,6197.0,5497.0,582037,906239.0,5840.0,961,5841.0,174,5842.0,253,5843.0,722,5844.0,246,5845.0,35,5846.0,125,5847.0,196,5848.0,146,5849.0,188,5844.0
v2409,DCE,13:40:15.551#,5835.0,5877.0,5797.0,6197.0,5497.0,582039,906237.0,5840.0,961,5841.0,174,5842.0,254,5843.0,722,5844.0,256,5845.0,14,5846.0,125,5847.0,194,5848.0,146,5849.0,188,5845.0
v2409,DCE,13:40:15.734#,5835.0,5877.0,5797.0,6197.0,5497.0,582055,906226.0,5841.0,174,5842.0,254,5843.0,722,5844.0,256,5845.0,52,5846.0,130,5847.0,151,5848.0,146,5849.0,188,5850.0,368,5845.0
v2409,DCE,13:40:16.1#,5835.0,5877.0,5797.0,6197.0,5497.0,582062,906226.0,5841.0,176,5842.0,254,5843.0,666,5844.0,301,5845.0,48,5846.0,125,5847.0,170,5848.0,146,5849.0,186,5850.0,371,5845.0
v2409,DCE,13:40:16.164#,5835.0,5877.0,5797.0,6197.0,5497.0,582063,906226.0,5841.0,178,5842.0,255,5843.0,665,5844.0,308,5845.0,48,5846.0,125,5847.0,170,5848.0,146,5849.0,184,5850.0,368,5845.0
v2409,DCE,13:40:16.513#,5835.0,5877.0,5797.0,6197.0,5497.0,582063,906226.0,5841.0,176,5842.0,254,5843.0,665,5844.0,308,5845.0,49,5846.0,130,5847.0,176,5848.0,146,5849.0,186,5850.0,368,5845.0
v2409,DCE,13:40:16.776#,5835.0,5877.0,5797.0,6197.0,5497.0,582064,906226.0,5841.0,176,5842.0,254,5843.0,665,5844.0,296,5845.0,58,5846.0,133,5847.0,176,5848.0,146,5849.0,186,5850.0,367,5845.0
v2409,DCE,13:40:17.47#,5835.0,5877.0,5797.0,6197.0,5497.0,582064,906226.0,5841.0,176,5842.0,254,5843.0,666,5844.0,296,5845.0,58,5846.0,137,5847.0,176,5848.0,146,5849.0,186,5850.0,367,5845.0
v2409,DCE,13:40:17.554#,5835.0,5877.0,5797.0,6197.0,5497.0,582064,906226.0,5841.0,176,5842.0,253,5843.0,667,5844.0,297,5845.0,58,5846.0,137,5847.0,175,5848.0,146,5849.0,183,5850.0,381,5845.0
v2409,DCE,13:40:17.796#,5835.0,5877.0,5797.0,6197.0,5497.0,582064,906226.0,5841.0,176,5842.0,253,5843.0,667,5844.0,298,5845.0,68,5846.0,137,5847.0,175,5848.0,146,5849.0,183,5850.0,381,5845.0
v2409,DCE,13:40:17.976#,5835.0,5877.0,5797.0,6197.0,5497.0,582064,906226.0,5841.0,176,5842.0,253,5843.0,667,5844.0,298,5845.0,81,5846.0,137,5847.0,152,5848.0,146,5849.0,183,5850.0,381,5845.0
v2409,DCE,13:40:18.86#,5835.0,5877.0,5797.0,6197.0,5497.0,582064,906226.0,5841.0,176,5842.0,253,5843.0,667,5844.0,298,5845.0,81,5846.0,130,5847.0,141,5848.0,200,5849.0,183,5850.0,381,5845.0
v2409,DCE,13:40:18.545#,5835.0,5877.0,5797.0,6197.0,5497.0,582064,906226.0,5841.0,176,5842.0,254,5843.0,666,5844.0,298,5845.0,83,5846.0,130,5847.0,141,5848.0,200,5849.0,184,5850.0,381,5845.0
v2409,DCE,13:40:18.800#,5835.0,5877.0,5797.0,6197.0,5497.0,582069,906226.0,5841.0,176,5842.0,253,5843.0,666,5844.0,298,5845.0,63,5846.0,130,5847.0,146,5848.0,146,5849.0,184,5850.0,382,5845.0
v2409,DCE,13:40:19.41#,5835.0,5877.0,5797.0,6197.0,5497.0,582070,906226.0,5841.0,176,5842.0,254,5843.0,664,5844.0,327,5845.0,65,5846.0,129,5847.0,146,5848.0,146,5849.0,184,5850.0,382,5846.0
v2409,DCE,13:40:19.317#,5835.0,5877.0,5797.0,6197.0,5497.0,582070,906226.0,5841.0,178,5842.0,254,5843.0,664,5844.0,329,5845.0,97,5846.0,136,5847.0,146,5848.0,146,5849.0,182,5850.0,382,5846.0
v2409,DCE,13:40:19.444#,5835.0,5877.0,5797.0,6197.0,5497.0,582071,906226.0,5841.0,176,5842.0,254,5843.0,664,5844.0,349,5845.0,97,5846.0,141,5847.0,157,5848.0,146,5849.0,184,5850.0,382,5845.0
v2409,DCE,13:40:19.802#,5835.0,5877.0,5797.0,6197.0,5497.0,582071,906226.0,5841.0,176,5842.0,254,5843.0,657,5844.0,349,5845.0,97,5846.0,141,5847.0,157,5848.0,146,5849.0,184,5850.0,382,5845.0
v2409,DCE,13:40:20.31#,5835.0,5877.0,5797.0,6197.0,5497.0,582071,906226.0,5841.0,176,5842.0,254,5843.0,657,5844.0,350,5845.0,108,5846.0,142,5847.0,157,5848.0,146,5849.0,184,5850.0,382,5845.0
v2409,DCE,13:40:20.307#,5835.0,5877.0,5797.0,6197.0,5497.0,582071,906226.0,5841.0,176,5842.0,254,5843.0,658,5844.0,351,5845.0,110,5846.0,140,5847.0,157,5848.0,146,5849.0,184,5850.0,382,5845.0
v2409,DCE,13:40:20.564#,5835.0,5877.0,5797.0,6197.0,5497.0,582203,906222.0,5841.0,176,5842.0,254,5843.0,660,5844.0,298,5845.0,117,5846.0,12,5847.0,151,5848.0,200,5849.0,184,5850.0,382,5846.0
v2409,DCE,13:40:20.808#,5835.0,5877.0,5797.0,6197.0,5497.0,582218,906218.0,5842.0,254,5843.0,651,5844.0,288,5845.0,107,5846.0,131,5847.0,141,5848.0,197,5849.0,182,5850.0,382,5851.0,113,5846.0
v2409,DCE,13:40:21.62#,5835.0,5877.0,5797.0,6197.0,5497.0,582224,906218.0,5842.0,256,5843.0,653,5844.0,277,5845.0,132,5846.0,103,5847.0,140,5848.0,207,5849.0,180,5850.0,382,5851.0,126,5846.0
v2409,DCE,13:40:21.313#,5835.0,5877.0,5797.0,6197.0,5497.0,582233,906218.0,5842.0,256,5843.0,653,5844.0,276,5845.0,127,5846.0,77,5847.0,142,5848.0,210,5849.0,176,5850.0,390,5851.0,126,5846.0
v2409,DCE,13:40:21.482#,5835.0,5877.0,5797.0,6197.0,5497.0,582237,906222.0,5842.0,256,5843.0,653,5844.0,324,5845.0,123,5846.0,66,5847.0,147,5848.0,200,5849.0,176,5850.0,390,5851.0,126,5846.0
v2409,DCE,13:40:21.804#,5835.0,5877.0,5797.0,6197.0,5497.0,582242,906227.0,5842.0,256,5843.0,653,5844.0,276,5845.0,126,5846.0,66,5847.0,147,5848.0,200,5849.0,176,5850.0,387,5851.0,129,5846.0
v2409,DCE,13:40:22.30#,5835.0,5877.0,5797.0,6197.0,5497.0,582242,906227.0,5842.0,256,5843.0,654,5844.0,276,5845.0,131,5846.0,68,5847.0,148,5848.0,200,5849.0,176,5850.0,390,5851.0,126,5846.0
v2409,DCE,13:40:22.530#,5835.0,5877.0,5797.0,6197.0,5497.0,582243,906228.0,5842.0,256,5843.0,654,5844.0,286,5845.0,131,5846.0,70,5847.0,147,5848.0,200,5849.0,176,5850.0,390,5851.0,126,5847.0
v2409,DCE,13:40:22.782#,5835.0,5877.0,5797.0,6197.0,5497.0,582244,906227.0,5842.0,258,5843.0,654,5844.0,286,5845.0,131,5846.0,70,5847.0,146,5848.0,200,5849.0,176,5850.0,388,5851.0,127,5847.0
v2409,DCE,13:40:23.13#,5835.0,5877.0,5797.0,6197.0,5497.0,582247,906230.0,5842.0,258,5843.0,654,5844.0,308,5845.0,134,5846.0,67,5847.0,146,5848.0,200,5849.0,176,5850.0,388,5851.0,127,5846.0
v2409,DCE,13:40:23.88#,5835.0,5877.0,5797.0,6197.0,5497.0,582247,906230.0,5842.0,256,5843.0,654,5844.0,308,5845.0,134,5846.0,67,5847.0,146,5848.0,200,5849.0,176,5850.0,390,5851.0,127,5846.0
v2409,DCE,13:40:23.554#,5835.0,5877.0,5797.0,6197.0,5497.0,582249,906231.0,5842.0,259,5843.0,654,5844.0,308,5845.0,135,5846.0,67,5847.0,146,5848.0,200,5849.0,176,5850.0,390,5851.0,127,5846.0
v2409,DCE,13:40:23.610#,5835.0,5877.0,5797.0,6197.0,5497.0,582249,906231.0,5842.0,259,5843.0,654,5844.0,308,5845.0,135,5846.0,44,5847.0,146,5848.0,200,5849.0,176,5850.0,390,5851.0,127,5846.0
v2409,DCE,13:40:24.48#,5835.0,5877.0,5797.0,6197.0,5497.0,582249,906231.0,5842.0,259,5843.0,654,5844.0,317,5845.0,133,5846.0,44,5847.0,146,5848.0,200,5849.0,176,5850.0,391,5851.0,126,5846.0
v2409,DCE,13:40:24.316#,5835.0,5877.0,5797.0,6197.0,5497.0,582249,906231.0,5842.0,259,5843.0,654,5844.0,308,5845.0,134,5846.0,44,5847.0,146,5848.0,200,5849.0,176,5850.0,391,5851.0,126,5846.0
v2409,DCE,13:40:24.453#,5835.0,5877.0,5797.0,6197.0,5497.0,582251,906230.0,5842.0,259,5843.0,654,5844.0,308,5845.0,133,5846.0,44,5847.0,145,5848.0,200,5849.0,176,5850.0,391,5851.0,126,5847.0
v2409,DCE,13:40:24.720#,5835.0,5877.0,5797.0,6197.0,5497.0,582253,906231.0,5842.0,259,5843.0,654,5844.0,308,5845.0,133,5846.0,44,5847.0,145,5848.0,200,5849.0,176,5850.0,391,5851.0,126,5847.0
v2409,DCE,13:40:25.57#,5835.0,5877.0,5797.0,6197.0,5497.0,582254,906231.0,5842.0,259,5843.0,655,5844.0,307,5845.0,133,5846.0,45,5847.0,144,5848.0,200,5849.0,176,5850.0,391,5851.0,126,5847.0
v2409,DCE,13:40:25.180#,5835.0,5877.0,5797.0,6197.0,5497.0,582255,906230.0,5842.0,261,5843.0,655,5844.0,307,5845.0,133,5846.0,46,5847.0,143,5848.0,200,5849.0,176,5850.0,389,5851.0,126,5847.0
v2409,DCE,13:40:25.495#,5835.0,5877.0,5797.0,6197.0,5497.0,582256,906230.0,5842.0,261,5843.0,655,5844.0,307,5845.0,133,5846.0,46,5847.0,141,5848.0,200,5849.0,176,5850.0,389,5851.0,126,5847.0
v2409,DCE,13:40:25.773#,5835.0,5877.0,5797.0,6197.0,5497.0,582259,906231.0,5842.0,261,5843.0,655,5844.0,307,5845.0,181,5846.0,34,5847.0,139,5848.0,200,5849.0,176,5850.0,386,5851.0,129,5847.0
v2409,DCE,13:40:26.53#,5835.0,5877.0,5797.0,6197.0,5497.0,582261,906231.0,5842.0,259,5843.0,655,5844.0,307,5845.0,183,5846.0,37,5847.0,137,5848.0,200,5849.0,176,5850.0,391,5851.0,126,5847.0
v2409,DCE,13:40:26.178#,5835.0,5877.0,5797.0,6197.0,5497.0,582264,906232.0,5842.0,261,5843.0,655,5844.0,305,5845.0,183,5846.0,35,5847.0,135,5848.0,200,5849.0,176,5850.0,389,5851.0,126,5847.0
v2409,DCE,13:40:26.516#,5835.0,5877.0,5797.0,6197.0,5497.0,582264,906232.0,5842.0,259,5843.0,655,5844.0,306,5845.0,183,5846.0,67,5847.0,135,5848.0,200,5849.0,176,5850.0,391,5851.0,126,5847.0
v2409,DCE,13:40:26.786#,5835.0,5877.0,5797.0,6197.0,5497.0,582269,906235.0,5842.0,259,5843.0,635,5844.0,307,5845.0,183,5846.0,68,5847.0,131,5848.0,200,5849.0,176,5850.0,394,5851.0,123,5847.0
v2409,DCE,13:40:26.845#,5835.0,5877.0,5797.0,6197.0,5497.0,582269,906235.0,5842.0,261,5843.0,635,5844.0,307,5845.0,183,5846.0,68,5847.0,131,5848.0,200,5849.0,176,5850.0,392,5851.0,123,5847.0
v2409,DCE,13:40:27.202#,5835.0,5877.0,5797.0,6197.0,5497.0,582272,906238.0,5842.0,259,5843.0,635,5844.0,307,5845.0,183,5846.0,69,5847.0,129,5848.0,200,5849.0,176,5850.0,394,5851.0,123,5847.0
v2409,DCE,13:40:27.521#,5835.0,5877.0,5797.0,6197.0,5497.0,582272,906238.0,5842.0,259,5843.0,636,5844.0,307,5845.0,199,5846.0,80,5847.0,109,5848.0,200,5849.0,176,5850.0,391,5851.0,126,5847.0
v2409,DCE,13:40:27.618#,5835.0,5877.0,5797.0,6197.0,5497.0,582272,906238.0,5842.0,259,5843.0,635,5844.0,308,5845.0,200,5846.0,81,5847.0,110,5848.0,200,5849.0,178,5850.0,391,5851.0,123,5847.0
v2409,DCE,13:40:27.992#,5835.0,5877.0,5797.0,6197.0,5497.0,582272,906238.0,5842.0,260,5843.0,635,5844.0,308,5845.0,200,5846.0,82,5847.0,110,5848.0,200,5849.0,178,5850.0,390,5851.0,127,5847.0
v2409,DCE,13:40:28.181#,5835.0,5877.0,5797.0,6197.0,5497.0,582273,906239.0,5842.0,260,5843.0,635,5844.0,308,5845.0,200,5846.0,82,5847.0,109,5848.0,200,5849.0,178,5850.0,390,5851.0,123,5847.0
v2409,DCE,13:40:28.531#,5835.0,5877.0,5797.0,6197.0,5497.0,582273,906239.0,5842.0,262,5843.0,635,5844.0,308,5845.0,200,5846.0,82,5847.0,109,5848.0,200,5849.0,178,5850.0,388,5851.0,123,5847.0
v2409,DCE,13:40:28.807#,5835.0,5877.0,5797.0,6197.0,5497.0,582276,906242.0,5842.0,260,5843.0,635,5844.0,308,5845.0,201,5846.0,81,5847.0,108,5848.0,200,5849.0,178,5850.0,388,5851.0,123,5846.0
v2409,DCE,13:40:29.66#,5835.0,5877.0,5797.0,6197.0,5497.0,582281,906244.0,5842.0,260,5843.0,635,5844.0,308,5845.0,202,5846.0,100,5847.0,105,5848.0,200,5849.0,178,5850.0,390,5851.0,123,5847.0
v2409,DCE,13:40:29.321#,5835.0,5877.0,5797.0,6197.0,5497.0,582332,906276.0,5842.0,259,5843.0,635,5844.0,306,5845.0,202,5846.0,114,5847.0,55,5848.0,200,5849.0,178,5850.0,390,5851.0,123,5847.0
v2409,DCE,13:40:29.548#,5835.0,5877.0,5797.0,6197.0,5497.0,582388,906239.0,5843.0,635,5844.0,308,5845.0,182,5846.0,134,5847.0,58,5848.0,149,5849.0,224,5850.0,388,5851.0,123,5852.0,137,5847.0
v2409,DCE,13:40:29.804#,5835.0,5877.0,5797.0,6197.0,5497.0,582405,906243.0,5843.0,637,5844.0,308,5845.0,172,5846.0,153,5847.0,43,5848.0,146,5849.0,231,5850.0,386,5851.0,123,5852.0,135,5847.0
v2409,DCE,13:40:30.68#,5835.0,5877.0,5797.0,6197.0,5497.0,582410,906239.0,5843.0,637,5844.0,308,5845.0,176,5846.0,147,5847.0,42,5848.0,142,5849.0,235,5850.0,386,5851.0,123,5852.0,136,5848.0
v2409,DCE,13:40:30.322#,5835.0,5877.0,5797.0,6197.0,5497.0,582432,906226.0,5843.0,637,5844.0,308,5845.0,176,5846.0,147,5847.0,50,5848.0,154,5849.0,235,5850.0,382,5851.0,127,5852.0,136,5848.0
v2409,DCE,13:40:30.510#,5835.0,5877.0,5797.0,6197.0,5497.0,582445,906214.0,5843.0,633,5844.0,308,5845.0,177,5846.0,147,5847.0,51,5848.0,153,5849.0,235,5850.0,382,5851.0,129,5852.0,136,5848.0
v2409,DCE,13:40:30.820#,5835.0,5877.0,5797.0,6197.0,5497.0,582453,906207.0,5843.0,632,5844.0,308,5845.0,177,5846.0,149,5847.0,54,5848.0,147,5849.0,233,5850.0,382,5851.0,129,5852.0,136,5848.0
v2409,DCE,13:40:30.908#,5835.0,5877.0,5797.0,6197.0,5497.0,582454,906207.0,5843.0,632,5844.0,308,5845.0,177,5846.0,150,5847.0,67,5848.0,146,5849.0,233,5850.0,382,5851.0,129,5852.0,136,5848.0
v2409,DCE,13:40:31.266#,5835.0,5877.0,5797.0,6197.0,5497.0,582454,906207.0,5843.0,634,5844.0,308,5845.0,177,5846.0,150,5847.0,67,5848.0,146,5849.0,233,5850.0,381,5851.0,129,5852.0,136,5848.0
v2409,DCE,13:40:31.511#,5835.0,5877.0,5797.0,6197.0,5497.0,582479,906184.0,5843.0,632,5844.0,308,5845.0,217,5846.0,150,5847.0,68,5848.0,123,5849.0,233,5850.0,381,5851.0,131,5852.0,136,5848.0
v2409,DCE,13:40:31.786#,5835.0,5877.0,5797.0,6197.0,5497.0,582480,906184.0,5843.0,635,5844.0,308,5845.0,213,5846.0,152,5847.0,91,5848.0,129,5849.0,233,5850.0,381,5851.0,129,5852.0,136,5848.0
v2409,DCE,13:40:32.40#,5835.0,5877.0,5797.0,6197.0,5497.0,582482,906184.0,5843.0,634,5844.0,308,5845.0,202,5846.0,158,5847.0,101,5848.0,135,5849.0,234,5850.0,381,5851.0,131,5852.0,136,5848.0
v2409,DCE,13:40:32.269#,5835.0,5877.0,5797.0,6197.0,5497.0,582492,906175.0,5843.0,634,5844.0,307,5845.0,202,5846.0,169,5847.0,104,5848.0,122,5849.0,224,5850.0,381,5851.0,131,5852.0,136,5848.0
v2409,DCE,13:40:32.566#,5835.0,5877.0,5797.0,6197.0,5497.0,582507,906178.0,5843.0,637,5844.0,306,5845.0,202,5846.0,170,5847.0,103,5848.0,122,5849.0,223,5850.0,381,5851.0,129,5852.0,136,5848.0
v2409,DCE,13:40:32.789#,5835.0,5877.0,5797.0,6197.0,5497.0,582508,906178.0,5843.0,635,5844.0,306,5845.0,203,5846.0,170,5847.0,104,5848.0,132,5849.0,223,5850.0,381,5851.0,131,5852.0,136,5848.0
v2409,DCE,13:40:33.1#,5835.0,5877.0,5797.0,6197.0,5497.0,582512,906175.0,5843.0,635,5844.0,306,5845.0,204,5846.0,172,5847.0,110,5848.0,132,5849.0,223,5850.0,383,5851.0,131,5852.0,136,5848.0
v2409,DCE,13:40:33.309#,5835.0,5877.0,5797.0,6197.0,5497.0,582515,906173.0,5843.0,634,5844.0,306,5845.0,204,5846.0,173,5847.0,110,5848.0,129,5849.0,222,5850.0,383,5851.0,131,5852.0,136,5848.0
v2409,DCE,13:40:33.543#,5835.0,5877.0,5797.0,6197.0,5497.0,582519,906173.0,5843.0,636,5844.0,306,5845.0,204,5846.0,162,5847.0,120,5848.0,125,5849.0,222,5850.0,383,5851.0,129,5852.0,136,5848.0
v2409,DCE,13:40:33.805#,5835.0,5877.0,5797.0,6197.0,5497.0,582520,906172.0,5843.0,636,5844.0,306,5845.0,204,5846.0,163,5847.0,123,5848.0,124,5849.0,223,5850.0,383,5851.0,129,5852.0,136,5848.0
v2409,DCE,13:40:34.51#,5835.0,5877.0,5797.0,6197.0,5497.0,582527,906171.0,5843.0,636,5844.0,306,5845.0,204,5846.0,163,5847.0,122,5848.0,120,5849.0,223,5850.0,383,5851.0,129,5852.0,136,5847.0
v2409,DCE,13:40:34.280#,5835.0,5877.0,5797.0,6197.0,5497.0,582550,906178.0,5843.0,634,5844.0,306,5845.0,204,5846.0,163,5847.0,123,5848.0,103,5849.0,221,5850.0,383,5851.0,131,5852.0,136,5848.0
v2409,DCE,13:40:34.529#,5835.0,5877.0,5797.0,6197.0,5497.0,582648,906148.0,5843.0,636,5844.0,306,5845.0,204,5846.0,178,5847.0,101,5848.0,43,5849.0,221,5850.0,383,5851.0,129,5852.0,136,5848.0
v2409,DCE,13:40:34.740#,5835.0,5877.0,5797.0,6197.0,5497.0,582690,906178.0,5844.0,306,5845.0,204,5846.0,178,5847.0,105,5848.0,32,5849.0,221,5850.0,383,5851.0,131,5852.0,136,5853.0,63,5848.0
v2409,DCE,13:40:34.929#,5835.0,5877.0,5797.0,6197.0,5497.0,582691,906179.0,5844.0,313,5845.0,205,5846.0,172,5847.0,114,5848.0,34,5849.0,214,5850.0,391,5851.0,127,5852.0,136,5853.0,84,5848.0
v2409,DCE,13:40:35.313#,5835.0,5877.0,5797.0,6197.0,5497.0,582693,906180.0,5844.0,315,5845.0,205,5846.0,172,5847.0,109,5848.0,38,5849.0,215,5850.0,392,5851.0,122,5852.0,142,5853.0,84,5848.0
v2409,DCE,13:40:35.556#,5835.0,5877.0,5797.0,6197.0,5497.0,582710,906180.0,5844.0,315,5845.0,205,5846.0,173,5847.0,111,5848.0,24,5849.0,216,5850.0,392,5851.0,122,5852.0,144,5853.0,84,5849.0
v2409,DCE,13:40:35.817#,5835.0,5877.0,5797.0,6197.0,5497.0,582749,906164.0,5844.0,315,5845.0,205,5846.0,174,5847.0,111,5848.0,4,5849.0,199,5850.0,392,5851.0,122,5852.0,142,5853.0,84,5849.0
v2409,DCE,13:40:36.51#,5835.0,5877.0,5797.0,6197.0,5497.0,582750,906165.0,5844.0,313,5845.0,205,5846.0,174,5847.0,111,5848.0,35,5849.0,196,5850.0,392,5851.0,122,5852.0,142,5853.0,84,5849.0
v2409,DCE,13:40:36.314#,5835.0,5877.0,5797.0,6197.0,5497.0,582751,906164.0,5844.0,313,5845.0,205,5846.0,175,5847.0,112,5848.0,53,5849.0,196,5850.0,392,5851.0,122,5852.0,142,5853.0,84,5848.0
v2409,DCE,13:40:36.547#,5835.0,5877.0,5797.0,6197.0,5497.0,582753,906165.0,5844.0,313,5845.0,208,5846.0,175,5847.0,113,5848.0,54,5849.0,194,5850.0,392,5851.0,122,5852.0,144,5853.0,84,5849.0
v2409,DCE,13:40:36.808#,5835.0,5877.0,5797.0,6197.0,5497.0,582754,906165.0,5844.0,315,5845.0,208,5846.0,175,5847.0,113,5848.0,53,5849.0,196,5850.0,392,5851.0,122,5852.0,142,5853.0,84,5848.0
v2409,DCE,13:40:37.46#,5835.0,5877.0,5797.0,6197.0,5497.0,582760,906171.0,5844.0,313,5845.0,208,5846.0,175,5847.0,113,5848.0,53,5849.0,230,5850.0,392,5851.0,122,5852.0,144,5853.0,84,5849.0
v2409,DCE,13:40:37.312#,5835.0,5877.0,5797.0,6197.0,5497.0,582766,906171.0,5844.0,313,5845.0,208,5846.0,174,5847.0,113,5848.0,43,5849.0,227,5850.0,392,5851.0,122,5852.0,144,5853.0,84,5848.0
v2409,DCE,13:40:37.565#,5835.0,5877.0,5797.0,6197.0,5497.0,582790,906171.0,5844.0,313,5845.0,208,5846.0,174,5847.0,113,5848.0,43,5849.0,203,5850.0,392,5851.0,122,5852.0,144,5853.0,84,5849.0
v2409,DCE,13:40:37.776#,5835.0,5877.0,5797.0,6197.0,5497.0,582792,906173.0,5844.0,315,5845.0,208,5846.0,174,5847.0,114,5848.0,53,5849.0,202,5850.0,392,5851.0,122,5852.0,142,5853.0,84,5848.0
v2409,DCE,13:40:37.983#,5835.0,5877.0,5797.0,6197.0,5497.0,582793,906174.0,5844.0,314,5845.0,208,5846.0,174,5847.0,115,5848.0,56,5849.0,201,5850.0,392,5851.0,122,5852.0,144,5853.0,84,5849.0
v2409,DCE,13:40:38.271#,5835.0,5877.0,5797.0,6197.0,5497.0,582793,906174.0,5844.0,316,5845.0,208,5846.0,174,5847.0,116,5848.0,56,5849.0,201,5850.0,392,5851.0,122,5852.0,142,5853.0,84,5849.0
v2409,DCE,13:40:38.470#,5835.0,5877.0,5797.0,6197.0,5497.0,582795,906174.0,5844.0,314,5845.0,208,5846.0,187,5847.0,116,5848.0,57,5849.0,200,5850.0,392,5851.0,122,5852.0,144,5853.0,84,5849.0
v2409,DCE,13:40:38.771#,5835.0,5877.0,5797.0,6197.0,5497.0,582801,906180.0,5844.0,314,5845.0,208,5846.0,187,5847.0,124,5848.0,58,5849.0,195,5850.0,392,5851.0,122,5852.0,144,5853.0,84,5849.0
v2409,DCE,13:40:39.66#,5835.0,5877.0,5797.0,6197.0,5497.0,582801,906180.0,5844.0,316,5845.0,208,5846.0,187,5847.0,124,5848.0,69,5849.0,201,5850.0,392,5851.0,122,5852.0,142,5853.0,84,5849.0
v2409,DCE,13:40:39.311#,5835.0,5877.0,5797.0,6197.0,5497.0,582806,906183.0,5844.0,313,5845.0,209,5846.0,187,5847.0,125,5848.0,68,5849.0,196,5850.0,392,5851.0,125,5852.0,144,5853.0,84,5849.0
v2409,DCE,13:40:39.505#,5835.0,5877.0,5797.0,6197.0,5497.0,582820,906186.0,5844.0,314,5845.0,209,5846.0,187,5847.0,125,5848.0,67,5849.0,186,5850.0,392,5851.0,125,5852.0,142,5853.0,84,5849.0
v2409,DCE,13:40:39.743#,5835.0,5877.0,5797.0,6197.0,5497.0,582821,906185.0,5844.0,314,5845.0,209,5846.0,188,5847.0,125,5848.0,70,5849.0,185,5850.0,392,5851.0,125,5852.0,142,5853.0,84,5849.0
v2409,DCE,13:40:40.62#,5835.0,5877.0,5797.0,6197.0,5497.0,582828,906179.0,5844.0,314,5845.0,210,5846.0,188,5847.0,125,5848.0,71,5849.0,177,5850.0,392,5851.0,125,5852.0,142,5853.0,84,5849.0
v2409,DCE,13:40:40.321#,5835.0,5877.0,5797.0,6197.0,5497.0,582829,906178.0,5844.0,313,5845.0,210,5846.0,188,5847.0,130,5848.0,71,5849.0,176,5850.0,392,5851.0,125,5852.0,142,5853.0,85,5849.0
v2409,DCE,13:40:40.545#,5835.0,5877.0,5797.0,6197.0,5497.0,582840,906179.0,5844.0,313,5845.0,210,5846.0,187,5847.0,129,5848.0,67,5849.0,171,5850.0,391,5851.0,125,5852.0,142,5853.0,86,5849.0
v2409,DCE,13:40:40.760#,5835.0,5877.0,5797.0,6197.0,5497.0,582845,906177.0,5844.0,311,5845.0,215,5846.0,187,5847.0,129,5848.0,66,5849.0,169,5850.0,391,5851.0,125,5852.0,144,5853.0,86,5849.0
v2409,DCE,13:40:41.27#,5835.0,5877.0,5797.0,6197.0,5497.0,582847,906177.0,5844.0,289,5845.0,215,5846.0,186,5847.0,129,5848.0,67,5849.0,168,5850.0,391,5851.0,125,5852.0,144,5853.0,86,5849.0
v2409,DCE,13:40:41.303#,5835.0,5877.0,5797.0,6197.0,5497.0,582864,906163.0,5844.0,289,5845.0,315,5846.0,185,5847.0,131,5848.0,69,5849.0,153,5850.0,391,5851.0,125,5852.0,144,5853.0,86,5849.0
v2409,DCE,13:40:41.557#,5835.0,5877.0,5797.0,6197.0,5497.0,582864,906163.0,5844.0,290,5845.0,314,5846.0,179,5847.0,122,5848.0,69,5849.0,151,5850.0,392,5851.0,125,5852.0,142,5853.0,86,5849.0
v2409,DCE,13:40:41.800#,5835.0,5877.0,5797.0,6197.0,5497.0,582865,906164.0,5844.0,286,5845.0,316,5846.0,179,5847.0,122,5848.0,72,5849.0,151,5850.0,392,5851.0,125,5852.0,144,5853.0,86,5849.0
v2409,DCE,13:40:42.67#,5835.0,5877.0,5797.0,6197.0,5497.0,582869,906163.0,5844.0,286,5845.0,316,5846.0,179,5847.0,122,5848.0,72,5849.0,149,5850.0,391,5851.0,125,5852.0,144,5853.0,86,5849.0
v2409,DCE,13:40:42.318#,5835.0,5877.0,5797.0,6197.0,5497.0,582876,906165.0,5844.0,286,5845.0,316,5846.0,179,5847.0,123,5848.0,74,5849.0,145,5850.0,392,5851.0,125,5852.0,144,5853.0,86,5849.0
v2409,DCE,13:40:42.523#,5835.0,5877.0,5797.0,6197.0,5497.0,582883,906159.0,5844.0,282,5845.0,321,5846.0,180,5847.0,124,5848.0,75,5849.0,137,5850.0,402,5851.0,125,5852.0,144,5853.0,86,5849.0
v2409,DCE,13:40:42.787#,5835.0,5877.0,5797.0,6197.0,5497.0,582899,906157.0,5844.0,284,5845.0,320,5846.0,180,5847.0,124,5848.0,74,5849.0,110,5850.0,403,5851.0,125,5852.0,143,5853.0,86,5849.0
v2409,DCE,13:40:43.21#,5835.0,5877.0,5797.0,6197.0,5497.0,582901,906156.0,5844.0,284,5845.0,320,5846.0,193,5847.0,123,5848.0,74,5849.0,128,5850.0,401,5851.0,126,5852.0,141,5853.0,86,5849.0
v2409,DCE,13:40:43.260#,5835.0,5877.0,5797.0,6197.0,5497.0,582933,906142.0,5844.0,288,5845.0,320,5846.0,193,5847.0,123,5848.0,49,5849.0,135,5850.0,401,5851.0,126,5852.0,141,5853.0,86,5849.0
v2409,DCE,13:40:43.560#,5835.0,5877.0,5797.0,6197.0,5497.0,582939,906146.0,5844.0,288,5845.0,320,5846.0,188,5847.0,121,5848.0,44,5849.0,147,5850.0,403,5851.0,126,5852.0,141,5853.0,86,5849.0
v2409,DCE,13:40:43.738#,5835.0,5877.0,5797.0,6197.0,5497.0,582950,906146.0,5844.0,288,5845.0,320,5846.0,188,5847.0,121,5848.0,34,5849.0,148,5850.0,403,5851.0,127,5852.0,141,5853.0,86,5849.0
v2409,DCE,13:40:44.46#,5835.0,5877.0,5797.0,6197.0,5497.0,582950,906146.0,5844.0,288,5845.0,320,5846.0,195,5847.0,122,5848.0,34,5849.0,148,5850.0,403,5851.0,127,5852.0,141,5853.0,86,5849.0
v2409,DCE,13:40:44.312#,5835.0,5877.0,5797.0,6197.0,5497.0,582953,906148.0,5844.0,290,5845.0,320,5846.0,193,5847.0,122,5848.0,35,5849.0,146,5850.0,403,5851.0,128,5852.0,139,5853.0,86,5848.0
v2409,DCE,13:40:44.549#,5835.0,5877.0,5797.0,6197.0,5497.0,582953,906148.0,5844.0,287,5845.0,320,5846.0,193,5847.0,122,5848.0,43,5849.0,144,5850.0,403,5851.0,128,5852.0,139,5853.0,86,5848.0
v2409,DCE,13:40:44.795#,5835.0,5877.0,5797.0,6197.0,5497.0,582955,906149.0,5844.0,287,5845.0,320,5846.0,194,5847.0,123,5848.0,45,5849.0,148,5850.0,403,5851.0,128,5852.0,139,5853.0,86,5848.0
v2409,DCE,13:40:45.59#,5835.0,5877.0,5797.0,6197.0,5497.0,582957,906149.0,5844.0,287,5845.0,320,5846.0,206,5847.0,123,5848.0,59,5849.0,150,5850.0,406,5851.0,128,5852.0,139,5853.0,86,5848.0
v2409,DCE,13:40:45.310#,5835.0,5877.0,5797.0,6197.0,5497.0,582975,906149.0,5844.0,284,5845.0,320,5846.0,206,5847.0,123,5848.0,56,5849.0,137,5850.0,406,5851.0,129,5852.0,139,5853.0,86,5849.0
v2409,DCE,13:40:45.530#,5835.0,5877.0,5797.0,6197.0,5497.0,582981,906153.0,5844.0,284,5845.0,320,5846.0,206,5847.0,123,5848.0,57,5849.0,134,5850.0,406,5851.0,129,5852.0,140,5853.0,86,5849.0
v2409,DCE,13:40:45.790#,5835.0,5877.0,5797.0,6197.0,5497.0,582984,906153.0,5844.0,284,5845.0,319,5846.0,206,5847.0,123,5848.0,55,5849.0,134,5850.0,406,5851.0,129,5852.0,140,5853.0,88,5849.0
v2409,DCE,13:40:46.54#,5835.0,5877.0,5797.0,6197.0,5497.0,582984,906153.0,5844.0,284,5845.0,319,5846.0,207,5847.0,124,5848.0,56,5849.0,135,5850.0,406,5851.0,129,5852.0,140,5853.0,88,5849.0
v2409,DCE,13:40:46.245#,5835.0,5877.0,5797.0,6197.0,5497.0,582984,906153.0,5844.0,284,5845.0,319,5846.0,207,5847.0,123,5848.0,56,5849.0,135,5850.0,410,5851.0,129,5852.0,140,5853.0,88,5849.0
v2409,DCE,13:40:46.544#,5835.0,5877.0,5797.0,6197.0,5497.0,582984,906153.0,5844.0,279,5845.0,319,5846.0,212,5847.0,123,5848.0,56,5849.0,135,5850.0,410,5851.0,129,5852.0,140,5853.0,88,5849.0
v2409,DCE,13:40:46.777#,5835.0,5877.0,5797.0,6197.0,5497.0,582985,906153.0,5844.0,279,5845.0,319,5846.0,213,5847.0,123,5848.0,78,5849.0,135,5850.0,411,5851.0,129,5852.0,140,5853.0,88,5848.0
v2409,DCE,13:40:47.34#,5835.0,5877.0,5797.0,6197.0,5497.0,582989,906157.0,5844.0,278,5845.0,319,5846.0,208,5847.0,124,5848.0,78,5849.0,132,5850.0,411,5851.0,129,5852.0,140,5853.0,88,5849.0
v2409,DCE,13:40:47.219#,5835.0,5877.0,5797.0,6197.0,5497.0,582993,906161.0,5844.0,278,5845.0,319,5846.0,209,5847.0,125,5848.0,76,5849.0,130,5850.0,411,5851.0,129,5852.0,140,5853.0,88,5848.0
v2409,DCE,13:40:47.562#,5835.0,5877.0,5797.0,6197.0,5497.0,582994,906162.0,5844.0,278,5845.0,319,5846.0,209,5847.0,125,5848.0,76,5849.0,135,5850.0,411,5851.0,130,5852.0,140,5853.0,88,5849.0
v2409,DCE,13:40:47.818#,5835.0,5877.0,5797.0,6197.0,5497.0,582995,906163.0,5844.0,278,5845.0,319,5846.0,209,5847.0,127,5848.0,76,5849.0,136,5850.0,411,5851.0,130,5852.0,140,5853.0,88,5849.0
v2409,DCE,13:40:47.992#,5835.0,5877.0,5797.0,6197.0,5497.0,582998,906166.0,5844.0,278,5845.0,319,5846.0,209,5847.0,127,5848.0,75,5849.0,136,5850.0,411,5851.0,134,5852.0,140,5853.0,88,5848.0
v2409,DCE,13:40:48.317#,5835.0,5877.0,5797.0,6197.0,5497.0,582999,906165.0,5844.0,278,5845.0,319,5846.0,209,5847.0,128,5848.0,75,5849.0,157,5850.0,411,5851.0,141,5852.0,140,5853.0,88,5848.0
v2409,DCE,13:40:48.425#,5835.0,5877.0,5797.0,6197.0,5497.0,583000,906166.0,5844.0,278,5845.0,329,5846.0,209,5847.0,128,5848.0,76,5849.0,157,5850.0,411,5851.0,141,5852.0,140,5853.0,88,5849.0
v2409,DCE,13:40:48.742#,5835.0,5877.0,5797.0,6197.0,5497.0,583003,906168.0,5844.0,278,5845.0,329,5846.0,209,5847.0,128,5848.0,76,5849.0,156,5850.0,411,5851.0,141,5852.0,140,5853.0,88,5849.0
v2409,DCE,13:40:49.24#,5835.0,5877.0,5797.0,6197.0,5497.0,583011,906168.0,5844.0,278,5845.0,329,5846.0,209,5847.0,128,5848.0,74,5849.0,151,5850.0,411,5851.0,141,5852.0,140,5853.0,88,5848.0
v2409,DCE,13:40:49.283#,5835.0,5877.0,5797.0,6197.0,5497.0,583011,906168.0,5844.0,278,5845.0,329,5846.0,209,5847.0,128,5848.0,73,5849.0,151,5850.0,411,5851.0,141,5852.0,140,5853.0,88,5848.0
