InstrumentId,ExchangeId,Datetime,OpenPrice,HighestPrice,LowestPrice,UpperLimitPrice,LowerLimitPrice,Volume,OpenInterest,BidPrice5,BidVolume5,BidPrice4,BidVolume4,BidPrice3,BidVolume3,BidPrice2,BidVolume2,BidPrice1,BidVolume1,AskPrice1,AskVolume1,AskPrice2,AskVolume2,AskPrice3,AskVolume3,AskPrice4,AskVolume4,AskPrice5,AskVolume5,LastPrice
zn2408,,13:38:36.0#,23320.0,23530.0,23305.0,25090.0,21805.0,29021,36159.0,23425.0,18,23430.0,26,23435.0,18,23440.0,43,23445.0,20,23450.0,14,23455.0,30,23460.0,26,23465.0,25,23470.0,17,23445.0
zn2408,,13:38:36.500#,23320.0,23530.0,23305.0,25090.0,21805.0,29021,36159.0,23425.0,18,23430.0,26,23435.0,18,23440.0,43,23445.0,20,23450.0,10,23455.0,30,23460.0,26,23465.0,25,23470.0,17,23445.0
zn2408,,13:38:37.0#,23320.0,23530.0,23305.0,25090.0,21805.0,29021,36159.0,23425.0,18,23430.0,26,23435.0,18,23440.0,43,23445.0,20,23450.0,4,23455.0,30,23460.0,26,23465.0,25,23470.0,17,23445.0
zn2408,,13:38:37.500#,23320.0,23530.0,23305.0,25090.0,21805.0,29021,36159.0,23425.0,18,23430.0,26,23435.0,18,23440.0,43,23445.0,20,23455.0,30,23460.0,26,23465.0,25,23470.0,17,23475.0,17,23445.0
zn2408,,13:38:38.0#,23320.0,23530.0,23305.0,25090.0,21805.0,29021,36159.0,23430.0,26,23435.0,18,23440.0,44,23445.0,23,23450.0,1,23455.0,32,23460.0,26,23465.0,25,23470.0,17,23475.0,17,23445.0
zn2408,,13:38:38.500#,23320.0,23530.0,23305.0,25090.0,21805.0,29022,36158.0,23425.0,18,23430.0,26,23435.0,18,23440.0,44,23445.0,26,23455.0,32,23460.0,26,23465.0,26,23470.0,17,23475.0,17,23450.0
zn2408,,13:38:39.0#,23320.0,23530.0,23305.0,25090.0,21805.0,29022,36158.0,23425.0,18,23430.0,26,23435.0,18,23440.0,44,23445.0,27,23455.0,32,23460.0,26,23465.0,26,23470.0,17,23475.0,17,23450.0
zn2408,,13:38:39.500#,23320.0,23530.0,23305.0,25090.0,21805.0,29022,36158.0,23430.0,26,23435.0,18,23440.0,44,23445.0,29,23450.0,2,23455.0,22,23460.0,26,23465.0,26,23470.0,17,23475.0,17,23450.0
zn2408,,13:38:40.0#,23320.0,23530.0,23305.0,25090.0,21805.0,29022,36158.0,23430.0,26,23435.0,18,23440.0,44,23445.0,31,23450.0,2,23455.0,21,23460.0,26,23465.0,26,23470.0,17,23475.0,17,23450.0
zn2408,,13:38:41.0#,23320.0,23530.0,23305.0,25090.0,21805.0,29022,36158.0,23430.0,26,23435.0,18,23440.0,44,23445.0,32,23450.0,2,23455.0,21,23460.0,26,23465.0,26,23470.0,17,23475.0,17,23450.0
zn2408,,13:38:41.500#,23320.0,23530.0,23305.0,25090.0,21805.0,29022,36158.0,23425.0,18,23430.0,26,23435.0,18,23440.0,44,23445.0,32,23455.0,21,23460.0,26,23465.0,26,23470.0,17,23475.0,17,23450.0
zn2408,,13:38:42.0#,23320.0,23530.0,23305.0,25090.0,21805.0,29022,36158.0,23425.0,18,23430.0,26,23435.0,18,23440.0,44,23445.0,27,23450.0,4,23455.0,29,23460.0,26,23465.0,26,23470.0,17,23450.0
zn2408,,13:38:42.500#,23320.0,23530.0,23305.0,25090.0,21805.0,29022,36158.0,23425.0,18,23430.0,26,23435.0,18,23440.0,44,23445.0,27,23450.0,1,23455.0,29,23460.0,26,23465.0,25,23470.0,17,23450.0
zn2408,,13:38:43.0#,23320.0,23530.0,23305.0,25090.0,21805.0,29022,36158.0,23425.0,18,23430.0,26,23435.0,18,23440.0,44,23445.0,26,23450.0,1,23455.0,30,23460.0,27,23465.0,25,23470.0,17,23450.0
zn2408,,13:38:43.500#,23320.0,23530.0,23305.0,25090.0,21805.0,29022,36158.0,23425.0,18,23430.0,26,23435.0,18,23440.0,44,23445.0,26,23450.0,7,23455.0,31,23460.0,27,23465.0,25,23470.0,17,23450.0
zn2408,,13:38:44.0#,23320.0,23530.0,23305.0,25090.0,21805.0,29022,36158.0,23425.0,18,23430.0,26,23435.0,18,23440.0,44,23445.0,23,23450.0,10,23455.0,31,23460.0,27,23465.0,25,23470.0,17,23450.0
zn2408,,13:38:46.500#,23320.0,23530.0,23305.0,25090.0,21805.0,29032,36166.0,23430.0,26,23435.0,18,23440.0,44,23445.0,28,23450.0,5,23455.0,27,23460.0,27,23465.0,25,23470.0,17,23475.0,17,23450.0
zn2408,,13:38:47.0#,23320.0,23530.0,23305.0,25090.0,21805.0,29032,36166.0,23430.0,26,23435.0,18,23440.0,44,23445.0,32,23450.0,5,23455.0,21,23460.0,27,23465.0,25,23470.0,17,23475.0,17,23450.0
zn2408,,13:38:47.500#,23320.0,23530.0,23305.0,25090.0,21805.0,29032,36166.0,23430.0,26,23435.0,18,23440.0,44,23445.0,32,23450.0,10,23455.0,21,23460.0,27,23465.0,25,23470.0,17,23475.0,17,23450.0
zn2408,,13:38:48.0#,23320.0,23530.0,23305.0,25090.0,21805.0,29032,36166.0,23430.0,26,23435.0,18,23440.0,44,23445.0,32,23450.0,10,23455.0,21,23460.0,27,23465.0,25,23470.0,17,23475.0,17,23450.0
zn2408,,13:38:50.500#,23320.0,23530.0,23305.0,25090.0,21805.0,29032,36166.0,23430.0,27,23435.0,18,23440.0,44,23445.0,32,23450.0,10,23455.0,21,23460.0,27,23465.0,25,23470.0,17,23475.0,17,23450.0
zn2408,,13:38:52.0#,23320.0,23530.0,23305.0,25090.0,21805.0,29032,36166.0,23430.0,27,23435.0,18,23440.0,44,23445.0,32,23450.0,10,23455.0,21,23460.0,27,23465.0,25,23470.0,17,23475.0,17,23450.0
zn2408,,13:38:53.0#,23320.0,23530.0,23305.0,25090.0,21805.0,29032,36166.0,23430.0,27,23435.0,18,23440.0,44,23445.0,32,23450.0,30,23455.0,21,23460.0,27,23465.0,25,23470.0,17,23475.0,17,23450.0
zn2408,,13:38:53.500#,23320.0,23530.0,23305.0,25090.0,21805.0,29032,36166.0,23430.0,27,23435.0,19,23440.0,44,23445.0,32,23450.0,30,23455.0,21,23460.0,27,23465.0,25,23470.0,17,23475.0,17,23450.0
zn2408,,13:38:54.0#,23320.0,23530.0,23305.0,25090.0,21805.0,29032,36166.0,23430.0,27,23435.0,19,23440.0,50,23445.0,32,23450.0,30,23455.0,8,23460.0,27,23465.0,25,23470.0,17,23475.0,17,23450.0
zn2408,,13:38:54.500#,23320.0,23530.0,23305.0,25090.0,21805.0,29032,36166.0,23430.0,27,23435.0,19,23440.0,50,23445.0,32,23450.0,30,23455.0,8,23460.0,27,23465.0,25,23470.0,16,23475.0,17,23450.0
zn2408,,13:38:56.0#,23320.0,23530.0,23305.0,25090.0,21805.0,29040,36161.0,23430.0,27,23435.0,19,23440.0,50,23445.0,32,23450.0,32,23460.0,27,23465.0,25,23470.0,16,23475.0,17,23480.0,51,23455.0
zn2408,,13:38:56.500#,23320.0,23530.0,23305.0,25090.0,21805.0,29040,36161.0,23430.0,27,23435.0,19,23440.0,50,23445.0,32,23450.0,35,23460.0,38,23465.0,25,23470.0,16,23475.0,17,23480.0,51,23455.0
zn2408,,13:38:57.0#,23320.0,23530.0,23305.0,25090.0,21805.0,29040,36161.0,23430.0,27,23435.0,19,23440.0,50,23445.0,32,23450.0,35,23460.0,38,23465.0,25,23470.0,16,23475.0,17,23480.0,51,23455.0
zn2408,,13:38:57.500#,23320.0,23530.0,23305.0,25090.0,21805.0,29040,36161.0,23430.0,27,23435.0,19,23440.0,50,23445.0,32,23450.0,35,23455.0,1,23460.0,38,23465.0,25,23470.0,16,23475.0,17,23455.0
zn2408,,13:38:58.0#,23320.0,23530.0,23305.0,25090.0,21805.0,29040,36161.0,23430.0,27,23435.0,19,23440.0,50,23445.0,32,23450.0,35,23455.0,6,23460.0,37,23465.0,25,23470.0,16,23475.0,17,23455.0
zn2408,,13:38:58.500#,23320.0,23530.0,23305.0,25090.0,21805.0,29040,36161.0,23430.0,27,23435.0,19,23440.0,50,23445.0,32,23450.0,36,23455.0,10,23460.0,37,23465.0,25,23470.0,16,23475.0,17,23455.0
zn2408,,13:38:59.0#,23320.0,23530.0,23305.0,25090.0,21805.0,29040,36161.0,23430.0,27,23435.0,19,23440.0,50,23445.0,32,23450.0,33,23455.0,15,23460.0,37,23465.0,25,23470.0,16,23475.0,17,23455.0
zn2408,,13:38:59.500#,23320.0,23530.0,23305.0,25090.0,21805.0,29040,36161.0,23430.0,27,23435.0,19,23440.0,50,23445.0,32,23450.0,33,23455.0,17,23460.0,37,23465.0,25,23470.0,16,23475.0,17,23455.0
zn2408,,13:39:00.0#,23320.0,23530.0,23305.0,25090.0,21805.0,29040,36161.0,23430.0,27,23435.0,19,23440.0,50,23445.0,32,23450.0,33,23455.0,17,23460.0,37,23465.0,25,23470.0,16,23475.0,17,23455.0
zn2408,,13:39:01.0#,23320.0,23530.0,23305.0,25090.0,21805.0,29040,36161.0,23430.0,27,23435.0,19,23440.0,50,23445.0,32,23450.0,33,23455.0,16,23460.0,37,23465.0,25,23470.0,16,23475.0,17,23455.0
zn2408,,13:39:02.0#,23320.0,23530.0,23305.0,25090.0,21805.0,29040,36161.0,23430.0,27,23435.0,19,23440.0,50,23445.0,32,23450.0,13,23455.0,16,23460.0,37,23465.0,25,23470.0,16,23475.0,17,23455.0
zn2408,,13:39:02.500#,23320.0,23530.0,23305.0,25090.0,21805.0,29044,36161.0,23430.0,27,23435.0,19,23440.0,50,23445.0,32,23450.0,9,23455.0,16,23460.0,37,23465.0,25,23470.0,16,23475.0,17,23450.0
zn2408,,13:39:03.500#,23320.0,23530.0,23305.0,25090.0,21805.0,29048,36160.0,23430.0,27,23435.0,19,23440.0,50,23445.0,31,23450.0,3,23455.0,18,23460.0,35,23465.0,25,23470.0,16,23475.0,17,23450.0
zn2408,,13:39:04.0#,23320.0,23530.0,23305.0,25090.0,21805.0,29048,36160.0,23430.0,27,23435.0,19,23440.0,50,23445.0,31,23450.0,6,23455.0,21,23460.0,35,23465.0,25,23470.0,16,23475.0,17,23450.0
zn2408,,13:39:04.500#,23320.0,23530.0,23305.0,25090.0,21805.0,29048,36160.0,23430.0,27,23435.0,19,23440.0,50,23445.0,32,23450.0,8,23455.0,15,23460.0,35,23465.0,25,23470.0,16,23475.0,17,23450.0
zn2408,,13:39:05.0#,23320.0,23530.0,23305.0,25090.0,21805.0,29048,36160.0,23430.0,27,23435.0,19,23440.0,50,23445.0,32,23450.0,8,23455.0,15,23460.0,35,23465.0,25,23470.0,16,23475.0,17,23450.0
zn2408,,13:39:05.500#,23320.0,23530.0,23305.0,25090.0,21805.0,29048,36160.0,23430.0,27,23435.0,19,23440.0,50,23445.0,32,23450.0,3,23455.0,15,23460.0,35,23465.0,25,23470.0,16,23475.0,17,23450.0
zn2408,,13:39:07.500#,23320.0,23530.0,23305.0,25090.0,21805.0,29048,36160.0,23430.0,27,23435.0,19,23440.0,50,23445.0,32,23450.0,3,23455.0,19,23460.0,35,23465.0,25,23470.0,16,23475.0,17,23450.0
zn2408,,13:39:08.0#,23320.0,23530.0,23305.0,25090.0,21805.0,29051,36160.0,23430.0,27,23435.0,19,23440.0,50,23445.0,31,23450.0,3,23455.0,23,23460.0,35,23465.0,25,23470.0,16,23475.0,17,23450.0
zn2408,,13:39:08.500#,23320.0,23530.0,23305.0,25090.0,21805.0,29051,36160.0,23425.0,18,23430.0,27,23435.0,19,23440.0,50,23445.0,31,23455.0,23,23460.0,35,23465.0,25,23470.0,16,23475.0,17,23450.0
zn2408,,13:39:09.0#,23320.0,23530.0,23305.0,25090.0,21805.0,29051,36160.0,23430.0,27,23435.0,19,23440.0,50,23445.0,33,23450.0,3,23455.0,18,23460.0,35,23465.0,25,23470.0,16,23475.0,17,23450.0
zn2408,,13:39:09.500#,23320.0,23530.0,23305.0,25090.0,21805.0,29051,36160.0,23425.0,18,23430.0,27,23435.0,19,23440.0,50,23445.0,31,23455.0,17,23460.0,35,23465.0,25,23470.0,16,23475.0,17,23450.0
zn2408,,13:39:10.0#,23320.0,23530.0,23305.0,25090.0,21805.0,29051,36160.0,23425.0,18,23430.0,27,23435.0,19,23440.0,50,23445.0,27,23455.0,22,23460.0,35,23465.0,25,23470.0,16,23475.0,17,23450.0
zn2408,,13:39:11.0#,23320.0,23530.0,23305.0,25090.0,21805.0,29051,36160.0,23430.0,27,23435.0,19,23440.0,50,23445.0,27,23450.0,7,23455.0,23,23460.0,35,23465.0,25,23470.0,16,23475.0,17,23450.0
zn2408,,13:39:11.500#,23320.0,23530.0,23305.0,25090.0,21805.0,29051,36160.0,23430.0,27,23435.0,19,23440.0,50,23445.0,29,23450.0,7,23455.0,24,23460.0,35,23465.0,25,23470.0,16,23475.0,17,23450.0
zn2408,,13:39:12.0#,23320.0,23530.0,23305.0,25090.0,21805.0,29051,36160.0,23430.0,27,23435.0,19,23440.0,50,23445.0,29,23450.0,7,23455.0,24,23460.0,35,23465.0,25,23470.0,16,23475.0,17,23450.0
zn2408,,13:39:12.500#,23320.0,23530.0,23305.0,25090.0,21805.0,29051,36160.0,23430.0,27,23435.0,19,23440.0,50,23445.0,29,23450.0,10,23455.0,23,23460.0,35,23465.0,25,23470.0,16,23475.0,17,23450.0
zn2408,,13:39:13.500#,23320.0,23530.0,23305.0,25090.0,21805.0,29051,36160.0,23430.0,27,23435.0,19,23440.0,50,23445.0,29,23450.0,10,23455.0,24,23460.0,35,23465.0,25,23470.0,16,23475.0,17,23450.0
zn2408,,13:39:14.0#,23320.0,23530.0,23305.0,25090.0,21805.0,29056,36165.0,23430.0,27,23435.0,19,23440.0,50,23445.0,29,23450.0,2,23455.0,24,23460.0,35,23465.0,25,23470.0,16,23475.0,17,23450.0
zn2408,,13:39:14.500#,23320.0,23530.0,23305.0,25090.0,21805.0,29058,36165.0,23425.0,18,23430.0,27,23435.0,19,23440.0,50,23445.0,29,23455.0,24,23460.0,35,23465.0,25,23470.0,16,23475.0,17,23450.0
zn2408,,13:39:15.0#,23320.0,23530.0,23305.0,25090.0,21805.0,29058,36165.0,23425.0,18,23430.0,27,23435.0,19,23440.0,50,23445.0,27,23455.0,24,23460.0,35,23465.0,25,23470.0,16,23475.0,17,23450.0
zn2408,,13:39:15.500#,23320.0,23530.0,23305.0,25090.0,21805.0,29058,36165.0,23425.0,18,23430.0,27,23435.0,19,23440.0,50,23445.0,27,23455.0,24,23460.0,35,23465.0,25,23470.0,16,23475.0,17,23450.0
zn2408,,13:39:16.500#,23320.0,23530.0,23305.0,25090.0,21805.0,29058,36165.0,23425.0,18,23430.0,27,23435.0,19,23440.0,50,23445.0,27,23455.0,23,23460.0,35,23465.0,25,23470.0,16,23475.0,17,23450.0
zn2408,,13:39:17.0#,23320.0,23530.0,23305.0,25090.0,21805.0,29058,36165.0,23425.0,18,23430.0,27,23435.0,19,23440.0,50,23445.0,27,23455.0,18,23460.0,35,23465.0,25,23470.0,16,23475.0,17,23450.0
zn2408,,13:39:18.0#,23320.0,23530.0,23305.0,25090.0,21805.0,29058,36165.0,23425.0,18,23430.0,27,23435.0,19,23440.0,50,23445.0,27,23455.0,22,23460.0,35,23465.0,25,23470.0,16,23475.0,17,23450.0
zn2408,,13:39:18.500#,23320.0,23530.0,23305.0,25090.0,21805.0,29058,36165.0,23425.0,18,23430.0,27,23435.0,19,23440.0,50,23445.0,27,23455.0,22,23460.0,35,23465.0,25,23470.0,16,23475.0,17,23450.0
zn2408,,13:39:19.0#,23320.0,23530.0,23305.0,25090.0,21805.0,29058,36165.0,23425.0,18,23430.0,27,23435.0,19,23440.0,50,23445.0,27,23455.0,23,23460.0,35,23465.0,25,23470.0,16,23475.0,17,23450.0
zn2408,,13:39:20.0#,23320.0,23530.0,23305.0,25090.0,21805.0,29058,36165.0,23425.0,18,23430.0,27,23435.0,19,23440.0,50,23445.0,24,23455.0,23,23460.0,35,23465.0,25,23470.0,16,23475.0,17,23450.0
zn2408,,13:39:20.500#,23320.0,23530.0,23305.0,25090.0,21805.0,29058,36165.0,23425.0,18,23430.0,27,23435.0,19,23440.0,50,23445.0,29,23455.0,24,23460.0,35,23465.0,25,23470.0,16,23475.0,17,23450.0
zn2408,,13:39:25.500#,23320.0,23530.0,23305.0,25090.0,21805.0,29058,36165.0,23430.0,27,23435.0,19,23440.0,50,23445.0,29,23450.0,10,23455.0,24,23460.0,35,23465.0,25,23470.0,16,23475.0,17,23450.0
zn2408,,13:39:26.0#,23320.0,23530.0,23305.0,25090.0,21805.0,29058,36165.0,23430.0,27,23435.0,19,23440.0,50,23445.0,31,23450.0,10,23455.0,24,23460.0,35,23465.0,25,23470.0,16,23475.0,17,23450.0
zn2408,,13:39:26.500#,23320.0,23530.0,23305.0,25090.0,21805.0,29058,36165.0,23430.0,27,23435.0,19,23440.0,50,23445.0,31,23450.0,10,23455.0,24,23460.0,35,23465.0,25,23470.0,16,23475.0,17,23450.0
zn2408,,13:39:27.500#,23320.0,23530.0,23305.0,25090.0,21805.0,29058,36165.0,23430.0,27,23435.0,19,23440.0,50,23445.0,32,23450.0,16,23455.0,17,23460.0,35,23465.0,25,23470.0,16,23475.0,17,23450.0
zn2408,,13:39:28.0#,23320.0,23530.0,23305.0,25090.0,21805.0,29058,36165.0,23430.0,27,23435.0,19,23440.0,50,23445.0,32,23450.0,16,23455.0,16,23460.0,35,23465.0,25,23470.0,16,23475.0,17,23450.0
zn2408,,13:39:28.500#,23320.0,23530.0,23305.0,25090.0,21805.0,29058,36165.0,23430.0,27,23435.0,19,23440.0,50,23445.0,32,23450.0,17,23455.0,16,23460.0,35,23465.0,25,23470.0,16,23475.0,17,23450.0
zn2408,,13:39:29.0#,23320.0,23530.0,23305.0,25090.0,21805.0,29058,36165.0,23430.0,27,23435.0,19,23440.0,49,23445.0,33,23450.0,17,23455.0,11,23460.0,35,23465.0,26,23470.0,16,23475.0,17,23450.0
zn2408,,13:39:29.500#,23320.0,23530.0,23305.0,25090.0,21805.0,29058,36165.0,23430.0,27,23435.0,19,23440.0,49,23445.0,34,23450.0,17,23455.0,8,23460.0,35,23465.0,26,23470.0,16,23475.0,17,23450.0
zn2408,,13:39:31.0#,23320.0,23530.0,23305.0,25090.0,21805.0,29062,36162.0,23430.0,27,23435.0,19,23440.0,49,23445.0,35,23450.0,19,23460.0,34,23465.0,26,23470.0,16,23475.0,17,23480.0,51,23455.0
zn2408,,13:39:31.500#,23320.0,23530.0,23305.0,25090.0,21805.0,29062,36162.0,23435.0,19,23440.0,49,23445.0,35,23450.0,23,23455.0,1,23460.0,37,23465.0,26,23470.0,16,23475.0,17,23480.0,51,23455.0
zn2408,,13:39:32.0#,23320.0,23530.0,23305.0,25090.0,21805.0,29063,36161.0,23430.0,27,23435.0,19,23440.0,49,23445.0,35,23450.0,26,23460.0,37,23465.0,26,23470.0,16,23475.0,17,23480.0,51,23455.0
zn2408,,13:39:32.500#,23320.0,23530.0,23305.0,25090.0,21805.0,29063,36161.0,23435.0,19,23440.0,49,23445.0,35,23450.0,27,23455.0,4,23460.0,37,23465.0,26,23470.0,16,23475.0,17,23480.0,51,23455.0
zn2408,,13:39:33.0#,23320.0,23530.0,23305.0,25090.0,21805.0,29067,36161.0,23430.0,27,23435.0,19,23440.0,49,23445.0,35,23450.0,29,23455.0,2,23460.0,35,23465.0,26,23470.0,16,23475.0,17,23455.0
zn2408,,13:39:33.500#,23320.0,23530.0,23305.0,25090.0,21805.0,29069,36159.0,23435.0,19,23440.0,49,23445.0,35,23450.0,27,23455.0,2,23460.0,35,23465.0,26,23470.0,17,23475.0,17,23480.0,51,23455.0
zn2408,,13:39:34.0#,23320.0,23530.0,23305.0,25090.0,21805.0,29071,36157.0,23430.0,27,23435.0,19,23440.0,49,23445.0,35,23450.0,29,23455.0,2,23460.0,36,23465.0,26,23470.0,16,23475.0,17,23455.0
zn2408,,13:39:34.500#,23320.0,23530.0,23305.0,25090.0,21805.0,29073,36157.0,23435.0,19,23440.0,49,23445.0,35,23450.0,28,23455.0,4,23460.0,35,23465.0,27,23470.0,16,23475.0,17,23480.0,51,23455.0
zn2408,,13:39:35.0#,23320.0,23530.0,23305.0,25090.0,21805.0,29077,36155.0,23430.0,27,23435.0,19,23440.0,49,23445.0,35,23450.0,30,23455.0,2,23460.0,36,23465.0,27,23470.0,16,23475.0,17,23455.0
zn2408,,13:39:35.500#,23320.0,23530.0,23305.0,25090.0,21805.0,29079,36153.0,23435.0,19,23440.0,49,23445.0,35,23450.0,27,23455.0,2,23460.0,35,23465.0,27,23470.0,16,23475.0,17,23480.0,51,23455.0
zn2408,,13:39:36.0#,23320.0,23530.0,23305.0,25090.0,21805.0,29081,36151.0,23430.0,27,23435.0,19,23440.0,49,23445.0,35,23450.0,29,23455.0,2,23460.0,34,23465.0,27,23470.0,16,23475.0,17,23455.0
zn2408,,13:39:36.500#,23320.0,23530.0,23305.0,25090.0,21805.0,29083,36151.0,23435.0,19,23440.0,49,23445.0,35,23450.0,28,23455.0,2,23460.0,33,23465.0,27,23470.0,16,23475.0,17,23480.0,51,23455.0
zn2408,,13:39:37.0#,23320.0,23530.0,23305.0,25090.0,21805.0,29083,36151.0,23435.0,19,23440.0,49,23445.0,35,23450.0,30,23455.0,8,23460.0,34,23465.0,27,23470.0,16,23475.0,17,23480.0,51,23455.0
zn2408,,13:39:37.500#,23320.0,23530.0,23305.0,25090.0,21805.0,29083,36151.0,23435.0,19,23440.0,49,23445.0,35,23450.0,30,23455.0,8,23460.0,20,23465.0,27,23470.0,16,23475.0,17,23480.0,51,23455.0
zn2408,,13:39:38.0#,23320.0,23530.0,23305.0,25090.0,21805.0,29083,36151.0,23435.0,19,23440.0,49,23445.0,35,23450.0,31,23455.0,9,23460.0,19,23465.0,27,23470.0,16,23475.0,17,23480.0,51,23455.0
zn2408,,13:39:38.500#,23320.0,23530.0,23305.0,25090.0,21805.0,29102,36162.0,23440.0,49,23445.0,35,23450.0,31,23455.0,12,23460.0,41,23465.0,27,23470.0,16,23475.0,17,23480.0,51,23485.0,27,23460.0
zn2408,,13:39:39.0#,23320.0,23530.0,23305.0,25090.0,21805.0,29113,36172.0,23440.0,49,23445.0,33,23450.0,31,23455.0,14,23460.0,30,23465.0,32,23470.0,16,23475.0,17,23480.0,51,23485.0,15,23460.0
zn2408,,13:39:39.500#,23320.0,23530.0,23305.0,25090.0,21805.0,29114,36172.0,23440.0,49,23445.0,33,23450.0,32,23455.0,14,23460.0,32,23465.0,28,23470.0,17,23475.0,18,23480.0,51,23485.0,15,23460.0
zn2408,,13:39:40.0#,23320.0,23530.0,23305.0,25090.0,21805.0,29114,36172.0,23440.0,49,23445.0,33,23450.0,32,23455.0,15,23460.0,32,23465.0,14,23470.0,17,23475.0,18,23480.0,51,23485.0,15,23460.0
zn2408,,13:39:40.500#,23320.0,23530.0,23305.0,25090.0,21805.0,29117,36172.0,23440.0,49,23445.0,33,23450.0,31,23455.0,15,23460.0,26,23465.0,12,23470.0,17,23475.0,18,23480.0,51,23485.0,15,23460.0
zn2408,,13:39:41.0#,23320.0,23530.0,23305.0,25090.0,21805.0,29117,36172.0,23440.0,49,23445.0,33,23450.0,31,23455.0,15,23460.0,26,23465.0,22,23470.0,17,23475.0,18,23480.0,51,23485.0,15,23460.0
zn2408,,13:39:41.500#,23320.0,23530.0,23305.0,25090.0,21805.0,29117,36172.0,23440.0,49,23445.0,33,23450.0,31,23455.0,16,23460.0,29,23465.0,9,23470.0,17,23475.0,18,23480.0,51,23485.0,15,23460.0
zn2408,,13:39:42.0#,23320.0,23530.0,23305.0,25090.0,21805.0,29117,36172.0,23440.0,49,23445.0,33,23450.0,31,23455.0,16,23460.0,29,23465.0,9,23470.0,17,23475.0,16,23480.0,51,23485.0,15,23460.0
zn2408,,13:39:42.500#,23320.0,23530.0,23305.0,25090.0,21805.0,29117,36172.0,23440.0,49,23445.0,33,23450.0,30,23455.0,16,23460.0,29,23465.0,9,23470.0,17,23475.0,16,23480.0,51,23485.0,15,23460.0
zn2408,,13:39:43.0#,23320.0,23530.0,23305.0,25090.0,21805.0,29117,36172.0,23440.0,49,23445.0,33,23450.0,31,23455.0,16,23460.0,26,23465.0,9,23470.0,17,23475.0,16,23480.0,51,23485.0,15,23460.0
zn2408,,13:39:43.500#,23320.0,23530.0,23305.0,25090.0,21805.0,29117,36172.0,23440.0,49,23445.0,33,23450.0,30,23455.0,16,23460.0,26,23465.0,9,23470.0,17,23475.0,16,23480.0,51,23485.0,15,23460.0
zn2408,,13:39:44.0#,23320.0,23530.0,23305.0,25090.0,21805.0,29117,36172.0,23440.0,49,23445.0,33,23450.0,30,23455.0,17,23460.0,29,23465.0,9,23470.0,17,23475.0,17,23480.0,51,23485.0,15,23460.0
zn2408,,13:39:44.500#,23320.0,23530.0,23305.0,25090.0,21805.0,29117,36172.0,23440.0,49,23445.0,33,23450.0,30,23455.0,17,23460.0,26,23465.0,9,23470.0,17,23475.0,17,23480.0,51,23485.0,15,23460.0
zn2408,,13:39:46.0#,23320.0,23530.0,23305.0,25090.0,21805.0,29119,36172.0,23440.0,49,23445.0,33,23450.0,30,23455.0,17,23460.0,28,23465.0,7,23470.0,17,23475.0,17,23480.0,51,23485.0,15,23465.0
zn2408,,13:39:46.500#,23320.0,23530.0,23305.0,25090.0,21805.0,29119,36172.0,23440.0,49,23445.0,33,23450.0,30,23455.0,17,23460.0,29,23465.0,7,23470.0,16,23475.0,17,23480.0,51,23485.0,15,23465.0
zn2408,,13:39:47.0#,23320.0,23530.0,23305.0,25090.0,21805.0,29119,36172.0,23440.0,49,23445.0,32,23450.0,30,23455.0,17,23460.0,29,23465.0,7,23470.0,16,23475.0,17,23480.0,51,23485.0,15,23465.0
zn2408,,13:39:47.500#,23320.0,23530.0,23305.0,25090.0,21805.0,29119,36172.0,23440.0,49,23445.0,32,23450.0,30,23455.0,17,23460.0,29,23465.0,8,23470.0,16,23475.0,17,23480.0,51,23485.0,15,23465.0
zn2408,,13:39:48.0#,23320.0,23530.0,23305.0,25090.0,21805.0,29119,36172.0,23440.0,49,23445.0,32,23450.0,30,23455.0,17,23460.0,29,23465.0,8,23470.0,17,23475.0,17,23480.0,51,23485.0,15,23465.0
zn2408,,13:39:50.0#,23320.0,23530.0,23305.0,25090.0,21805.0,29119,36172.0,23440.0,49,23445.0,32,23450.0,30,23455.0,17,23460.0,29,23465.0,7,23470.0,17,23475.0,17,23480.0,51,23485.0,15,23465.0
zn2408,,13:39:51.0#,23320.0,23530.0,23305.0,25090.0,21805.0,29124,36171.0,23440.0,49,23445.0,32,23450.0,30,23455.0,17,23460.0,30,23465.0,2,23470.0,17,23475.0,17,23480.0,51,23485.0,15,23465.0
zn2408,,13:39:51.500#,23320.0,23530.0,23305.0,25090.0,21805.0,29126,36172.0,23445.0,32,23450.0,30,23455.0,17,23460.0,33,23465.0,2,23470.0,16,23475.0,17,23480.0,51,23485.0,15,23490.0,29,23465.0
zn2408,,13:39:52.0#,23320.0,23530.0,23305.0,25090.0,21805.0,29126,36172.0,23445.0,32,23450.0,30,23455.0,18,23460.0,36,23465.0,4,23470.0,30,23475.0,17,23480.0,51,23485.0,11,23490.0,15,23465.0
zn2408,,13:39:52.500#,23320.0,23530.0,23305.0,25090.0,21805.0,29126,36172.0,23445.0,32,23450.0,30,23455.0,18,23460.0,35,23465.0,2,23470.0,30,23475.0,17,23480.0,51,23485.0,11,23490.0,15,23465.0
zn2408,,13:39:53.0#,23320.0,23530.0,23305.0,25090.0,21805.0,29126,36172.0,23445.0,32,23450.0,30,23455.0,18,23460.0,35,23465.0,5,23470.0,30,23475.0,17,23480.0,51,23485.0,11,23490.0,15,23465.0
zn2408,,13:39:53.500#,23320.0,23530.0,23305.0,25090.0,21805.0,29126,36172.0,23445.0,32,23450.0,30,23455.0,18,23460.0,35,23465.0,7,23470.0,30,23475.0,17,23480.0,51,23485.0,11,23490.0,15,23465.0
zn2408,,13:39:54.0#,23320.0,23530.0,23305.0,25090.0,21805.0,29126,36172.0,23445.0,32,23450.0,30,23455.0,18,23460.0,35,23465.0,5,23470.0,29,23475.0,17,23480.0,51,23485.0,11,23490.0,15,23465.0
zn2408,,13:39:55.500#,23320.0,23530.0,23305.0,25090.0,21805.0,29126,36172.0,23445.0,32,23450.0,30,23455.0,18,23460.0,35,23465.0,5,23470.0,28,23475.0,17,23480.0,51,23485.0,11,23490.0,15,23465.0
zn2408,,13:39:56.0#,23320.0,23530.0,23305.0,25090.0,21805.0,29126,36172.0,23445.0,32,23450.0,30,23455.0,18,23460.0,35,23465.0,2,23470.0,28,23475.0,17,23480.0,51,23485.0,11,23490.0,15,23465.0
zn2408,,13:39:56.500#,23320.0,23530.0,23305.0,25090.0,21805.0,29126,36172.0,23445.0,32,23450.0,30,23455.0,18,23460.0,35,23465.0,2,23470.0,28,23475.0,17,23480.0,51,23485.0,11,23490.0,15,23465.0
zn2408,,13:39:58.500#,23320.0,23530.0,23305.0,25090.0,21805.0,29128,36171.0,23440.0,49,23445.0,32,23450.0,30,23455.0,18,23460.0,35,23470.0,28,23475.0,17,23480.0,51,23485.0,11,23490.0,15,23465.0
zn2408,,13:39:59.0#,23320.0,23530.0,23305.0,25090.0,21805.0,29128,36171.0,23440.0,49,23445.0,32,23450.0,30,23455.0,18,23460.0,34,23470.0,28,23475.0,17,23480.0,51,23485.0,11,23490.0,15,23465.0
zn2408,,13:39:59.500#,23320.0,23530.0,23305.0,25090.0,21805.0,29128,36171.0,23440.0,49,23445.0,32,23450.0,30,23455.0,18,23460.0,34,23470.0,28,23475.0,17,23480.0,51,23485.0,11,23490.0,15,23465.0
zn2408,,13:40:01.500#,23320.0,23530.0,23305.0,25090.0,21805.0,29128,36171.0,23440.0,49,23445.0,32,23450.0,30,23455.0,18,23460.0,34,23465.0,1,23470.0,28,23475.0,17,23480.0,51,23485.0,11,23465.0
zn2408,,13:40:02.0#,23320.0,23530.0,23305.0,25090.0,21805.0,29128,36171.0,23440.0,49,23445.0,32,23450.0,30,23455.0,18,23460.0,34,23470.0,26,23475.0,17,23480.0,51,23485.0,11,23490.0,15,23465.0
zn2408,,13:40:03.0#,23320.0,23530.0,23305.0,25090.0,21805.0,29128,36171.0,23440.0,49,23445.0,32,23450.0,30,23455.0,18,23460.0,35,23470.0,28,23475.0,17,23480.0,51,23485.0,11,23490.0,15,23465.0
zn2408,,13:40:03.500#,23320.0,23530.0,23305.0,25090.0,21805.0,29128,36171.0,23440.0,49,23445.0,32,23450.0,30,23455.0,18,23460.0,35,23470.0,29,23475.0,17,23480.0,51,23485.0,11,23490.0,15,23465.0
zn2408,,13:40:04.0#,23320.0,23530.0,23305.0,25090.0,21805.0,29128,36171.0,23440.0,49,23445.0,32,23450.0,30,23455.0,18,23460.0,35,23470.0,29,23475.0,17,23480.0,51,23485.0,11,23490.0,15,23465.0
zn2408,,13:40:05.500#,23320.0,23530.0,23305.0,25090.0,21805.0,29128,36171.0,23440.0,49,23445.0,32,23450.0,30,23455.0,18,23460.0,35,23465.0,2,23470.0,29,23475.0,17,23480.0,51,23485.0,11,23465.0
zn2408,,13:40:06.0#,23320.0,23530.0,23305.0,25090.0,21805.0,29128,36171.0,23440.0,49,23445.0,32,23450.0,30,23455.0,18,23460.0,35,23465.0,2,23470.0,26,23475.0,17,23480.0,51,23485.0,11,23465.0
zn2408,,13:40:07.0#,23320.0,23530.0,23305.0,25090.0,21805.0,29128,36171.0,23440.0,49,23445.0,32,23450.0,30,23455.0,18,23460.0,35,23465.0,3,23470.0,26,23475.0,17,23480.0,51,23485.0,11,23465.0
zn2408,,13:40:07.500#,23320.0,23530.0,23305.0,25090.0,21805.0,29128,36171.0,23440.0,49,23445.0,32,23450.0,30,23455.0,18,23460.0,34,23465.0,3,23470.0,27,23475.0,17,23480.0,51,23485.0,11,23465.0
zn2408,,13:40:10.0#,23320.0,23530.0,23305.0,25090.0,21805.0,29128,36171.0,23440.0,49,23445.0,32,23450.0,30,23455.0,18,23460.0,34,23465.0,12,23470.0,26,23475.0,17,23480.0,51,23485.0,11,23465.0
zn2408,,13:40:10.500#,23320.0,23530.0,23305.0,25090.0,21805.0,29128,36171.0,23440.0,49,23445.0,32,23450.0,30,23455.0,18,23460.0,34,23465.0,14,23470.0,26,23475.0,17,23480.0,51,23485.0,11,23465.0
zn2408,,13:40:11.0#,23320.0,23530.0,23305.0,25090.0,21805.0,29128,36171.0,23440.0,49,23445.0,32,23450.0,30,23455.0,18,23460.0,31,23465.0,14,23470.0,26,23475.0,17,23480.0,51,23485.0,11,23465.0
zn2408,,13:40:11.500#,23320.0,23530.0,23305.0,25090.0,21805.0,29128,36171.0,23440.0,49,23445.0,32,23450.0,30,23455.0,18,23460.0,31,23465.0,15,23470.0,26,23475.0,17,23480.0,51,23485.0,11,23465.0
zn2408,,13:40:12.0#,23320.0,23530.0,23305.0,25090.0,21805.0,29133,36176.0,23440.0,49,23445.0,32,23450.0,30,23455.0,18,23460.0,26,23465.0,15,23470.0,26,23475.0,17,23480.0,51,23485.0,11,23460.0
zn2408,,13:40:12.500#,23320.0,23530.0,23305.0,25090.0,21805.0,29133,36176.0,23440.0,49,23445.0,32,23450.0,30,23455.0,18,23460.0,26,23465.0,15,23470.0,26,23475.0,17,23480.0,51,23485.0,11,23460.0
zn2408,,13:40:13.0#,23320.0,23530.0,23305.0,25090.0,21805.0,29133,36176.0,23440.0,49,23445.0,32,23450.0,30,23455.0,18,23460.0,26,23465.0,15,23470.0,26,23475.0,16,23480.0,51,23485.0,11,23460.0
zn2408,,13:40:13.500#,23320.0,23530.0,23305.0,25090.0,21805.0,29133,36176.0,23440.0,49,23445.0,32,23450.0,30,23455.0,18,23460.0,26,23465.0,15,23470.0,26,23475.0,17,23480.0,51,23485.0,11,23460.0
zn2408,,13:40:14.0#,23320.0,23530.0,23305.0,25090.0,21805.0,29133,36176.0,23440.0,49,23445.0,32,23450.0,30,23455.0,18,23460.0,26,23465.0,14,23470.0,26,23475.0,17,23480.0,51,23485.0,11,23460.0
zn2408,,13:40:14.500#,23320.0,23530.0,23305.0,25090.0,21805.0,29133,36176.0,23440.0,49,23445.0,32,23450.0,30,23455.0,18,23460.0,26,23465.0,14,23470.0,26,23475.0,17,23480.0,51,23485.0,11,23460.0
zn2408,,13:40:15.0#,23320.0,23530.0,23305.0,25090.0,21805.0,29133,36176.0,23440.0,49,23445.0,32,23450.0,30,23455.0,18,23460.0,26,23465.0,14,23470.0,26,23475.0,18,23480.0,51,23485.0,11,23460.0
zn2408,,13:40:15.500#,23320.0,23530.0,23305.0,25090.0,21805.0,29133,36176.0,23440.0,49,23445.0,32,23450.0,30,23455.0,18,23460.0,26,23465.0,14,23470.0,26,23475.0,18,23480.0,51,23485.0,11,23460.0
zn2408,,13:40:16.0#,23320.0,23530.0,23305.0,25090.0,21805.0,29135,36178.0,23440.0,49,23445.0,32,23450.0,30,23455.0,18,23460.0,24,23465.0,14,23470.0,26,23475.0,18,23480.0,51,23485.0,11,23460.0
zn2408,,13:40:16.500#,23320.0,23530.0,23305.0,25090.0,21805.0,29135,36178.0,23440.0,49,23445.0,32,23450.0,30,23455.0,18,23460.0,24,23465.0,14,23470.0,26,23475.0,18,23480.0,51,23485.0,11,23460.0
zn2408,,13:40:17.0#,23320.0,23530.0,23305.0,25090.0,21805.0,29135,36178.0,23440.0,49,23445.0,32,23450.0,30,23455.0,18,23460.0,24,23465.0,14,23470.0,26,23475.0,18,23480.0,51,23485.0,11,23460.0
zn2408,,13:40:19.500#,23320.0,23530.0,23305.0,25090.0,21805.0,29135,36178.0,23440.0,49,23445.0,32,23450.0,30,23455.0,18,23460.0,24,23465.0,13,23470.0,26,23475.0,18,23480.0,51,23485.0,11,23460.0
zn2408,,13:40:20.0#,23320.0,23530.0,23305.0,25090.0,21805.0,29135,36178.0,23440.0,49,23445.0,32,23450.0,30,23455.0,18,23460.0,24,23465.0,13,23470.0,26,23475.0,18,23480.0,51,23485.0,11,23460.0
zn2408,,13:40:20.500#,23320.0,23530.0,23305.0,25090.0,21805.0,29135,36178.0,23440.0,49,23445.0,32,23450.0,30,23455.0,18,23460.0,27,23465.0,6,23470.0,26,23475.0,18,23480.0,51,23485.0,11,23460.0
zn2408,,13:40:21.0#,23320.0,23530.0,23305.0,25090.0,21805.0,29135,36178.0,23440.0,49,23445.0,32,23450.0,30,23455.0,18,23460.0,28,23465.0,2,23470.0,26,23475.0,18,23480.0,51,23485.0,11,23460.0
zn2408,,13:40:21.500#,23320.0,23530.0,23305.0,25090.0,21805.0,29135,36178.0,23440.0,48,23445.0,32,23450.0,30,23455.0,18,23460.0,28,23465.0,2,23470.0,25,23475.0,18,23480.0,51,23485.0,11,23460.0
zn2408,,13:40:22.0#,23320.0,23530.0,23305.0,25090.0,21805.0,29137,36178.0,23440.0,48,23445.0,32,23450.0,30,23455.0,18,23460.0,28,23470.0,25,23475.0,18,23480.0,51,23485.0,11,23490.0,15,23465.0
zn2408,,13:40:22.500#,23320.0,23530.0,23305.0,25090.0,21805.0,29138,36177.0,23440.0,48,23445.0,32,23450.0,30,23455.0,18,23460.0,27,23465.0,3,23470.0,29,23475.0,18,23480.0,51,23485.0,11,23465.0
zn2408,,13:40:23.0#,23320.0,23530.0,23305.0,25090.0,21805.0,29139,36176.0,23440.0,48,23445.0,32,23450.0,30,23455.0,18,23460.0,28,23470.0,26,23475.0,18,23480.0,51,23485.0,11,23490.0,15,23465.0
zn2408,,13:40:23.500#,23320.0,23530.0,23305.0,25090.0,21805.0,29139,36176.0,23440.0,48,23445.0,32,23450.0,30,23455.0,18,23460.0,28,23470.0,28,23475.0,18,23480.0,51,23485.0,11,23490.0,15,23465.0
zn2408,,13:40:24.0#,23320.0,23530.0,23305.0,25090.0,21805.0,29139,36176.0,23440.0,48,23445.0,32,23450.0,30,23455.0,18,23460.0,28,23470.0,28,23475.0,18,23480.0,51,23485.0,11,23490.0,15,23465.0
zn2408,,13:40:25.0#,23320.0,23530.0,23305.0,25090.0,21805.0,29139,36176.0,23440.0,48,23445.0,32,23450.0,30,23455.0,18,23460.0,27,23465.0,2,23470.0,31,23475.0,18,23480.0,51,23485.0,11,23465.0
zn2408,,13:40:25.500#,23320.0,23530.0,23305.0,25090.0,21805.0,29139,36176.0,23440.0,48,23445.0,32,23450.0,30,23455.0,18,23460.0,27,23465.0,5,23470.0,27,23475.0,18,23480.0,51,23485.0,11,23465.0
zn2408,,13:40:26.0#,23320.0,23530.0,23305.0,25090.0,21805.0,29139,36176.0,23440.0,48,23445.0,32,23450.0,30,23455.0,18,23460.0,27,23465.0,9,23470.0,27,23475.0,18,23480.0,51,23485.0,11,23465.0
zn2408,,13:40:27.0#,23320.0,23530.0,23305.0,25090.0,21805.0,29139,36176.0,23440.0,48,23445.0,32,23450.0,30,23455.0,18,23460.0,27,23465.0,11,23470.0,27,23475.0,18,23480.0,51,23485.0,11,23465.0
zn2408,,13:40:27.500#,23320.0,23530.0,23305.0,25090.0,21805.0,29139,36176.0,23440.0,48,23445.0,32,23450.0,30,23455.0,18,23460.0,24,23465.0,13,23470.0,27,23475.0,17,23480.0,51,23485.0,11,23465.0
zn2408,,13:40:28.0#,23320.0,23530.0,23305.0,25090.0,21805.0,29139,36176.0,23440.0,48,23445.0,32,23450.0,30,23455.0,18,23460.0,24,23465.0,13,23470.0,27,23475.0,18,23480.0,51,23485.0,11,23465.0
zn2408,,13:40:28.500#,23320.0,23530.0,23305.0,25090.0,21805.0,29139,36176.0,23440.0,48,23445.0,32,23450.0,30,23455.0,18,23460.0,24,23465.0,13,23470.0,27,23475.0,18,23480.0,51,23485.0,11,23465.0
zn2408,,13:40:29.0#,23320.0,23530.0,23305.0,25090.0,21805.0,29139,36176.0,23440.0,48,23445.0,32,23450.0,30,23455.0,18,23460.0,24,23465.0,12,23470.0,27,23475.0,18,23480.0,51,23485.0,11,23465.0
zn2408,,13:40:30.500#,23320.0,23530.0,23305.0,25090.0,21805.0,29139,36176.0,23440.0,48,23445.0,32,23450.0,30,23455.0,18,23460.0,24,23465.0,11,23470.0,27,23475.0,18,23480.0,51,23485.0,11,23465.0
zn2408,,13:40:31.0#,23320.0,23530.0,23305.0,25090.0,21805.0,29139,36176.0,23440.0,48,23445.0,32,23450.0,30,23455.0,18,23460.0,24,23465.0,11,23470.0,27,23475.0,18,23480.0,51,23485.0,11,23465.0
zn2408,,13:40:32.0#,23320.0,23530.0,23305.0,25090.0,21805.0,29139,36176.0,23440.0,48,23445.0,32,23450.0,30,23455.0,18,23460.0,24,23465.0,11,23470.0,27,23475.0,18,23480.0,51,23485.0,11,23465.0
zn2408,,13:40:33.500#,23320.0,23530.0,23305.0,25090.0,21805.0,29139,36176.0,23440.0,48,23445.0,32,23450.0,30,23455.0,18,23460.0,24,23465.0,11,23470.0,27,23475.0,18,23480.0,51,23485.0,11,23465.0
zn2408,,13:40:34.500#,23320.0,23530.0,23305.0,25090.0,21805.0,29139,36176.0,23440.0,48,23445.0,32,23450.0,30,23455.0,18,23460.0,24,23465.0,11,23470.0,27,23475.0,18,23480.0,51,23485.0,11,23465.0
zn2408,,13:40:35.0#,23320.0,23530.0,23305.0,25090.0,21805.0,29139,36176.0,23440.0,48,23445.0,32,23450.0,30,23455.0,18,23460.0,24,23465.0,12,23470.0,27,23475.0,18,23480.0,51,23485.0,11,23465.0
zn2408,,13:40:35.500#,23320.0,23530.0,23305.0,25090.0,21805.0,29139,36176.0,23440.0,48,23445.0,32,23450.0,30,23455.0,18,23460.0,24,23465.0,12,23470.0,27,23475.0,18,23480.0,51,23485.0,11,23465.0
zn2408,,13:40:36.500#,23320.0,23530.0,23305.0,25090.0,21805.0,29139,36176.0,23440.0,48,23445.0,32,23450.0,30,23455.0,18,23460.0,24,23465.0,13,23470.0,27,23475.0,18,23480.0,51,23485.0,11,23465.0
zn2408,,13:40:37.0#,23320.0,23530.0,23305.0,25090.0,21805.0,29139,36176.0,23440.0,48,23445.0,32,23450.0,30,23455.0,18,23460.0,24,23465.0,13,23470.0,27,23475.0,18,23480.0,51,23485.0,11,23465.0
zn2408,,13:40:38.0#,23320.0,23530.0,23305.0,25090.0,21805.0,29139,36176.0,23440.0,48,23445.0,32,23450.0,30,23455.0,18,23460.0,24,23465.0,18,23470.0,27,23475.0,18,23480.0,51,23485.0,11,23465.0
zn2408,,13:40:38.500#,23320.0,23530.0,23305.0,25090.0,21805.0,29139,36176.0,23440.0,48,23445.0,32,23450.0,30,23455.0,18,23460.0,34,23465.0,18,23470.0,27,23475.0,18,23480.0,51,23485.0,11,23465.0
zn2408,,13:40:39.500#,23320.0,23530.0,23305.0,25090.0,21805.0,29143,36180.0,23440.0,48,23445.0,32,23450.0,30,23455.0,17,23460.0,30,23465.0,17,23470.0,27,23475.0,18,23480.0,51,23485.0,11,23460.0
zn2408,,13:40:40.0#,23320.0,23530.0,23305.0,25090.0,21805.0,29143,36180.0,23440.0,48,23445.0,32,23450.0,30,23455.0,18,23460.0,30,23465.0,16,23470.0,27,23475.0,18,23480.0,51,23485.0,11,23460.0
zn2408,,13:40:40.500#,23320.0,23530.0,23305.0,25090.0,21805.0,29144,36180.0,23440.0,48,23445.0,32,23450.0,30,23455.0,18,23460.0,29,23465.0,16,23470.0,27,23475.0,18,23480.0,51,23485.0,11,23460.0
zn2408,,13:40:41.0#,23320.0,23530.0,23305.0,25090.0,21805.0,29144,36180.0,23440.0,48,23445.0,32,23450.0,30,23455.0,18,23460.0,29,23465.0,16,23470.0,27,23475.0,18,23480.0,51,23485.0,11,23460.0
zn2408,,13:40:43.500#,23320.0,23530.0,23305.0,25090.0,21805.0,29145,36180.0,23440.0,48,23445.0,32,23450.0,30,23455.0,18,23460.0,28,23465.0,20,23470.0,27,23475.0,18,23480.0,51,23485.0,11,23460.0
zn2408,,13:40:44.0#,23320.0,23530.0,23305.0,25090.0,21805.0,29173,36179.0,23435.0,18,23440.0,48,23445.0,32,23450.0,30,23455.0,19,23465.0,20,23470.0,27,23475.0,18,23480.0,51,23485.0,11,23460.0
zn2408,,13:40:44.500#,23320.0,23530.0,23305.0,25090.0,21805.0,29173,36179.0,23435.0,18,23440.0,48,23445.0,32,23450.0,30,23455.0,18,23460.0,4,23465.0,23,23470.0,27,23475.0,17,23480.0,51,23460.0
zn2408,,13:40:45.0#,23320.0,23530.0,23305.0,25090.0,21805.0,29173,36179.0,23435.0,18,23440.0,48,23445.0,32,23450.0,29,23455.0,10,23460.0,8,23465.0,23,23470.0,20,23475.0,17,23480.0,51,23460.0
zn2408,,13:40:45.500#,23320.0,23530.0,23305.0,25090.0,21805.0,29173,36179.0,23435.0,18,23440.0,48,23445.0,33,23450.0,29,23455.0,4,23460.0,22,23465.0,24,23470.0,19,23475.0,17,23480.0,51,23460.0
zn2408,,13:40:46.0#,23320.0,23530.0,23305.0,25090.0,21805.0,29173,36179.0,23435.0,18,23440.0,48,23445.0,33,23450.0,28,23455.0,8,23460.0,23,23465.0,24,23470.0,20,23475.0,17,23480.0,51,23460.0
zn2408,,13:40:46.500#,23320.0,23530.0,23305.0,25090.0,21805.0,29173,36179.0,23435.0,18,23440.0,48,23445.0,33,23450.0,28,23455.0,15,23460.0,16,23465.0,24,23470.0,20,23475.0,17,23480.0,51,23460.0
zn2408,,13:40:47.0#,23320.0,23530.0,23305.0,25090.0,21805.0,29174,36179.0,23435.0,18,23440.0,48,23445.0,33,23450.0,29,23455.0,18,23460.0,4,23465.0,24,23470.0,20,23475.0,16,23480.0,51,23455.0
zn2408,,13:40:47.500#,23320.0,23530.0,23305.0,25090.0,21805.0,29174,36179.0,23435.0,18,23440.0,48,23445.0,32,23450.0,30,23455.0,19,23460.0,3,23465.0,24,23470.0,20,23475.0,16,23480.0,51,23455.0
zn2408,,13:40:48.0#,23320.0,23530.0,23305.0,25090.0,21805.0,29174,36179.0,23435.0,18,23440.0,48,23445.0,32,23450.0,31,23455.0,19,23460.0,1,23465.0,24,23470.0,20,23475.0,16,23480.0,51,23455.0
zn2408,,13:40:50.0#,23320.0,23530.0,23305.0,25090.0,21805.0,29174,36179.0,23435.0,18,23440.0,48,23445.0,32,23450.0,31,23455.0,19,23460.0,1,23465.0,23,23470.0,20,23475.0,16,23480.0,51,23455.0
zn2408,,13:40:52.500#,23320.0,23530.0,23305.0,25090.0,21805.0,29174,36179.0,23435.0,18,23440.0,48,23445.0,32,23450.0,31,23455.0,19,23460.0,1,23465.0,33,23470.0,20,23475.0,16,23480.0,51,23455.0
zn2408,,13:40:53.0#,23320.0,23530.0,23305.0,25090.0,21805.0,29174,36179.0,23435.0,18,23440.0,48,23445.0,32,23450.0,31,23455.0,16,23460.0,12,23465.0,34,23470.0,20,23475.0,16,23480.0,51,23455.0
zn2408,,13:40:53.500#,23320.0,23530.0,23305.0,25090.0,21805.0,29174,36179.0,23435.0,18,23440.0,48,23445.0,32,23450.0,30,23455.0,18,23460.0,1,23465.0,34,23470.0,20,23475.0,16,23480.0,51,23455.0
zn2408,,13:40:54.0#,23320.0,23530.0,23305.0,25090.0,21805.0,29174,36179.0,23435.0,18,23440.0,48,23445.0,32,23450.0,31,23455.0,18,23460.0,1,23465.0,34,23470.0,20,23475.0,16,23480.0,51,23455.0
zn2408,,13:40:56.0#,23320.0,23530.0,23305.0,25090.0,21805.0,29175,36178.0,23435.0,18,23440.0,48,23445.0,32,23450.0,31,23455.0,19,23465.0,34,23470.0,20,23475.0,16,23480.0,51,23485.0,11,23460.0
zn2408,,13:40:56.500#,23320.0,23530.0,23305.0,25090.0,21805.0,29175,36178.0,23440.0,48,23445.0,32,23450.0,31,23455.0,16,23460.0,1,23465.0,43,23470.0,20,23475.0,16,23480.0,51,23485.0,11,23460.0
zn2408,,13:40:57.0#,23320.0,23530.0,23305.0,25090.0,21805.0,29176,36177.0,23440.0,48,23445.0,32,23450.0,31,23455.0,18,23460.0,11,23465.0,43,23470.0,20,23475.0,16,23480.0,51,23485.0,11,23460.0
zn2408,,13:40:57.500#,23320.0,23530.0,23305.0,25090.0,21805.0,29176,36177.0,23440.0,48,23445.0,32,23450.0,31,23455.0,19,23460.0,11,23465.0,43,23470.0,20,23475.0,16,23480.0,51,23485.0,11,23460.0
zn2408,,13:40:58.0#,23320.0,23530.0,23305.0,25090.0,21805.0,29186,36176.0,23440.0,48,23445.0,32,23450.0,31,23455.0,19,23460.0,1,23465.0,43,23470.0,20,23475.0,16,23480.0,51,23485.0,11,23460.0
zn2408,,13:40:58.500#,23320.0,23530.0,23305.0,25090.0,21805.0,29186,36176.0,23440.0,48,23445.0,32,23450.0,31,23455.0,19,23460.0,3,23465.0,43,23470.0,20,23475.0,16,23480.0,51,23485.0,11,23460.0
zn2408,,13:40:59.0#,23320.0,23530.0,23305.0,25090.0,21805.0,29186,36176.0,23440.0,48,23445.0,32,23450.0,31,23455.0,19,23460.0,3,23465.0,43,23470.0,20,23475.0,16,23480.0,51,23485.0,11,23460.0
zn2408,,13:41:02.0#,23320.0,23530.0,23305.0,25090.0,21805.0,29186,36176.0,23440.0,48,23445.0,32,23450.0,31,23455.0,19,23460.0,3,23465.0,45,23470.0,20,23475.0,16,23480.0,51,23485.0,11,23460.0
zn2408,,13:41:02.500#,23320.0,23530.0,23305.0,25090.0,21805.0,29187,36177.0,23435.0,18,23440.0,48,23445.0,32,23450.0,31,23455.0,19,23465.0,45,23470.0,20,23475.0,16,23480.0,51,23485.0,11,23460.0
zn2408,,13:41:03.0#,23320.0,23530.0,23305.0,25090.0,21805.0,29187,36177.0,23435.0,18,23440.0,48,23445.0,32,23450.0,31,23455.0,18,23460.0,4,23465.0,45,23470.0,20,23475.0,16,23480.0,51,23460.0
zn2408,,13:41:03.500#,23320.0,23530.0,23305.0,25090.0,21805.0,29190,36177.0,23435.0,18,23440.0,48,23445.0,32,23450.0,20,23455.0,14,23460.0,9,23465.0,45,23470.0,20,23475.0,16,23480.0,51,23455.0
zn2408,,13:41:04.0#,23320.0,23530.0,23305.0,25090.0,21805.0,29190,36177.0,23435.0,18,23440.0,48,23445.0,32,23450.0,20,23455.0,2,23460.0,15,23465.0,45,23470.0,20,23475.0,16,23480.0,51,23455.0
zn2408,,13:41:04.500#,23320.0,23530.0,23305.0,25090.0,21805.0,29191,36178.0,23435.0,18,23440.0,48,23445.0,32,23450.0,19,23455.0,3,23460.0,17,23465.0,45,23470.0,20,23475.0,16,23480.0,51,23455.0
zn2408,,13:41:05.0#,23320.0,23530.0,23305.0,25090.0,21805.0,29191,36178.0,23435.0,18,23440.0,48,23445.0,32,23450.0,19,23455.0,3,23460.0,17,23465.0,45,23470.0,20,23475.0,16,23480.0,51,23455.0
zn2408,,13:41:05.500#,23320.0,23530.0,23305.0,25090.0,21805.0,29191,36178.0,23430.0,43,23435.0,18,23440.0,48,23445.0,32,23450.0,19,23460.0,17,23465.0,45,23470.0,19,23475.0,16,23480.0,51,23455.0
zn2408,,13:41:06.0#,23320.0,23530.0,23305.0,25090.0,21805.0,29191,36178.0,23430.0,43,23435.0,18,23440.0,48,23445.0,32,23450.0,20,23460.0,17,23465.0,46,23470.0,19,23475.0,16,23480.0,51,23455.0
zn2408,,13:41:06.500#,23320.0,23530.0,23305.0,25090.0,21805.0,29191,36178.0,23430.0,43,23435.0,18,23440.0,48,23445.0,32,23450.0,20,23460.0,18,23465.0,46,23470.0,19,23475.0,16,23480.0,51,23455.0
zn2408,,13:41:07.0#,23320.0,23530.0,23305.0,25090.0,21805.0,29191,36178.0,23430.0,43,23435.0,18,23440.0,48,23445.0,32,23450.0,18,23460.0,18,23465.0,46,23470.0,19,23475.0,16,23480.0,51,23455.0
zn2408,,13:41:07.500#,23320.0,23530.0,23305.0,25090.0,21805.0,29191,36178.0,23430.0,43,23435.0,18,23440.0,48,23445.0,32,23450.0,18,23455.0,1,23460.0,18,23465.0,46,23470.0,19,23475.0,16,23455.0
zn2408,,13:41:08.0#,23320.0,23530.0,23305.0,25090.0,21805.0,29191,36178.0,23430.0,29,23435.0,18,23440.0,48,23445.0,32,23450.0,17,23460.0,18,23465.0,38,23470.0,19,23475.0,16,23480.0,51,23455.0
zn2408,,13:41:09.500#,23320.0,23530.0,23305.0,25090.0,21805.0,29192,36177.0,23435.0,18,23440.0,48,23445.0,33,23450.0,20,23455.0,2,23460.0,23,23465.0,38,23470.0,19,23475.0,16,23480.0,51,23455.0
zn2408,,13:41:10.0#,23320.0,23530.0,23305.0,25090.0,21805.0,29192,36177.0,23435.0,18,23440.0,48,23445.0,33,23450.0,20,23455.0,8,23460.0,23,23465.0,38,23470.0,19,23475.0,16,23480.0,51,23455.0
zn2408,,13:41:11.500#,23320.0,23530.0,23305.0,25090.0,21805.0,29192,36177.0,23435.0,18,23440.0,48,23445.0,33,23450.0,20,23455.0,14,23460.0,8,23465.0,38,23470.0,19,23475.0,16,23480.0,51,23455.0
zn2408,,13:41:12.0#,23320.0,23530.0,23305.0,25090.0,21805.0,29192,36177.0,23435.0,18,23440.0,48,23445.0,33,23450.0,20,23455.0,13,23460.0,16,23465.0,38,23470.0,19,23475.0,16,23480.0,51,23455.0
zn2408,,13:41:13.0#,23320.0,23530.0,23305.0,25090.0,21805.0,29193,36178.0,23435.0,18,23440.0,48,23445.0,33,23450.0,20,23455.0,13,23460.0,19,23465.0,38,23470.0,19,23475.0,16,23480.0,51,23455.0
zn2408,,13:41:14.0#,23320.0,23530.0,23305.0,25090.0,21805.0,29193,36178.0,23435.0,18,23440.0,48,23445.0,33,23450.0,20,23455.0,1,23460.0,21,23465.0,38,23470.0,19,23475.0,16,23480.0,51,23455.0
zn2408,,13:41:15.0#,23320.0,23530.0,23305.0,25090.0,21805.0,29193,36178.0,23435.0,18,23440.0,48,23445.0,33,23450.0,20,23455.0,10,23460.0,24,23465.0,38,23470.0,19,23475.0,16,23480.0,51,23455.0
zn2408,,13:41:15.500#,23320.0,23530.0,23305.0,25090.0,21805.0,29200,36185.0,23435.0,18,23440.0,48,23445.0,33,23450.0,20,23455.0,3,23460.0,30,23465.0,38,23470.0,19,23475.0,16,23480.0,51,23455.0
zn2408,,13:41:16.0#,23320.0,23530.0,23305.0,25090.0,21805.0,29203,36187.0,23430.0,29,23435.0,18,23440.0,48,23445.0,33,23450.0,20,23455.0,10,23460.0,25,23465.0,38,23470.0,19,23475.0,16,23455.0
zn2408,,13:41:16.500#,23320.0,23530.0,23305.0,25090.0,21805.0,29203,36187.0,23430.0,29,23435.0,18,23440.0,48,23445.0,33,23450.0,17,23460.0,24,23465.0,38,23470.0,19,23475.0,16,23480.0,51,23455.0
zn2408,,13:41:19.500#,23320.0,23530.0,23305.0,25090.0,21805.0,29203,36187.0,23430.0,29,23435.0,18,23440.0,48,23445.0,33,23450.0,17,23460.0,25,23465.0,33,23470.0,19,23475.0,16,23480.0,51,23455.0
zn2408,,13:41:20.0#,23320.0,23530.0,23305.0,25090.0,21805.0,29203,36187.0,23430.0,29,23435.0,18,23440.0,48,23445.0,33,23450.0,17,23460.0,25,23465.0,33,23470.0,19,23475.0,16,23480.0,51,23455.0
zn2408,,13:41:20.500#,23320.0,23530.0,23305.0,25090.0,21805.0,29203,36187.0,23430.0,29,23435.0,18,23440.0,48,23445.0,33,23450.0,18,23460.0,25,23465.0,33,23470.0,19,23475.0,16,23480.0,51,23455.0
zn2408,,13:41:21.0#,23320.0,23530.0,23305.0,25090.0,21805.0,29203,36187.0,23430.0,29,23435.0,18,23440.0,48,23445.0,33,23450.0,18,23460.0,25,23465.0,33,23470.0,19,23475.0,16,23480.0,51,23455.0
zn2408,,13:41:30.0#,23320.0,23530.0,23305.0,25090.0,21805.0,29203,36187.0,23430.0,29,23435.0,18,23440.0,48,23445.0,33,23450.0,18,23460.0,26,23465.0,33,23470.0,19,23475.0,16,23480.0,51,23455.0
zn2408,,13:41:30.500#,23320.0,23530.0,23305.0,25090.0,21805.0,29203,36187.0,23430.0,29,23435.0,18,23440.0,48,23445.0,33,23450.0,18,23460.0,26,23465.0,33,23470.0,19,23475.0,16,23480.0,51,23455.0
zn2408,,13:41:34.500#,23320.0,23530.0,23305.0,25090.0,21805.0,29203,36187.0,23430.0,29,23435.0,18,23440.0,48,23445.0,33,23450.0,18,23460.0,26,23465.0,33,23470.0,20,23475.0,16,23480.0,51,23455.0
zn2408,,13:41:35.0#,23320.0,23530.0,23305.0,25090.0,21805.0,29203,36187.0,23430.0,29,23435.0,18,23440.0,48,23445.0,33,23450.0,18,23460.0,26,23465.0,33,23470.0,20,23475.0,16,23480.0,51,23455.0
zn2408,,13:41:36.0#,23320.0,23530.0,23305.0,25090.0,21805.0,29204,36187.0,23430.0,29,23435.0,18,23440.0,48,23445.0,33,23450.0,18,23455.0,4,23460.0,26,23465.0,33,23470.0,20,23475.0,16,23455.0
zn2408,,13:41:36.500#,23320.0,23530.0,23305.0,25090.0,21805.0,29212,36181.0,23435.0,18,23440.0,48,23445.0,33,23450.0,18,23455.0,2,23460.0,21,23465.0,33,23470.0,20,23475.0,16,23480.0,51,23455.0
zn2408,,13:41:37.0#,23320.0,23530.0,23305.0,25090.0,21805.0,29212,36181.0,23435.0,18,23440.0,48,23445.0,33,23450.0,21,23455.0,1,23460.0,13,23465.0,33,23470.0,20,23475.0,16,23480.0,51,23455.0
zn2408,,13:41:37.500#,23320.0,23530.0,23305.0,25090.0,21805.0,29212,36181.0,23435.0,18,23440.0,48,23445.0,33,23450.0,21,23455.0,1,23460.0,22,23465.0,33,23470.0,20,23475.0,16,23480.0,51,23455.0
zn2408,,13:41:38.0#,23320.0,23530.0,23305.0,25090.0,21805.0,29220,36186.0,23430.0,29,23435.0,18,23440.0,48,23445.0,34,23450.0,12,23455.0,31,23460.0,28,23465.0,33,23470.0,20,23475.0,16,23450.0
zn2408,,13:41:38.500#,23320.0,23530.0,23305.0,25090.0,21805.0,29244,36170.0,23425.0,18,23430.0,29,23435.0,17,23440.0,48,23445.0,19,23450.0,13,23455.0,23,23460.0,27,23465.0,32,23470.0,20,23445.0
zn2408,,13:41:39.0#,23320.0,23530.0,23305.0,25090.0,21805.0,29254,36164.0,23425.0,18,23430.0,29,23435.0,17,23440.0,47,23445.0,3,23450.0,10,23455.0,17,23460.0,19,23465.0,32,23470.0,20,23445.0
zn2408,,13:41:39.500#,23320.0,23530.0,23305.0,25090.0,21805.0,29255,36164.0,23425.0,18,23430.0,27,23435.0,16,23440.0,48,23445.0,10,23450.0,9,23455.0,17,23460.0,19,23465.0,32,23470.0,20,23450.0
zn2408,,13:41:40.0#,23320.0,23530.0,23305.0,25090.0,21805.0,29255,36164.0,23425.0,18,23430.0,27,23435.0,16,23440.0,50,23445.0,18,23450.0,7,23455.0,17,23460.0,19,23465.0,33,23470.0,20,23450.0
zn2408,,13:41:40.500#,23320.0,23530.0,23305.0,25090.0,21805.0,29257,36162.0,23425.0,18,23430.0,27,23435.0,16,23440.0,50,23445.0,22,23455.0,18,23460.0,20,23465.0,33,23470.0,20,23475.0,15,23450.0
zn2408,,13:41:41.0#,23320.0,23530.0,23305.0,25090.0,21805.0,29257,36162.0,23430.0,27,23435.0,16,23440.0,50,23445.0,26,23450.0,2,23455.0,28,23460.0,20,23465.0,33,23470.0,20,23475.0,15,23450.0
zn2408,,13:41:41.500#,23320.0,23530.0,23305.0,25090.0,21805.0,29259,36162.0,23430.0,27,23435.0,16,23440.0,50,23445.0,26,23450.0,3,23455.0,28,23460.0,20,23465.0,33,23470.0,20,23475.0,15,23450.0
zn2408,,13:41:42.0#,23320.0,23530.0,23305.0,25090.0,21805.0,29259,36162.0,23430.0,27,23435.0,16,23440.0,50,23445.0,26,23450.0,3,23455.0,28,23460.0,20,23465.0,33,23470.0,20,23475.0,15,23450.0
zn2408,,13:41:43.0#,23320.0,23530.0,23305.0,25090.0,21805.0,29259,36162.0,23430.0,27,23435.0,16,23440.0,50,23445.0,25,23450.0,12,23455.0,11,23460.0,20,23465.0,33,23470.0,20,23475.0,15,23450.0
zn2408,,13:41:43.500#,23320.0,23530.0,23305.0,25090.0,21805.0,29261,36162.0,23430.0,27,23435.0,16,23440.0,50,23445.0,25,23450.0,5,23455.0,26,23460.0,20,23465.0,33,23470.0,20,23475.0,15,23455.0
zn2408,,13:41:45.0#,23320.0,23530.0,23305.0,25090.0,21805.0,29271,36155.0,23430.0,27,23435.0,16,23440.0,50,23445.0,26,23450.0,13,23455.0,8,23460.0,26,23465.0,33,23470.0,20,23475.0,15,23455.0
zn2408,,13:41:45.500#,23320.0,23530.0,23305.0,25090.0,21805.0,29271,36155.0,23430.0,27,23435.0,16,23440.0,49,23445.0,26,23450.0,15,23460.0,25,23465.0,33,23470.0,20,23475.0,15,23480.0,53,23455.0
zn2408,,13:41:46.0#,23320.0,23530.0,23305.0,25090.0,21805.0,29271,36155.0,23430.0,27,23435.0,16,23440.0,49,23445.0,27,23450.0,18,23460.0,25,23465.0,32,23470.0,20,23475.0,15,23480.0,53,23455.0
zn2408,,13:41:46.500#,23320.0,23530.0,23305.0,25090.0,21805.0,29271,36155.0,23430.0,27,23435.0,16,23440.0,49,23445.0,27,23450.0,18,23460.0,25,23465.0,33,23470.0,20,23475.0,15,23480.0,53,23455.0
zn2408,,13:41:47.500#,23320.0,23530.0,23305.0,25090.0,21805.0,29271,36155.0,23430.0,27,23435.0,16,23440.0,49,23445.0,27,23450.0,15,23460.0,25,23465.0,33,23470.0,20,23475.0,15,23480.0,53,23455.0
zn2408,,13:41:48.0#,23320.0,23530.0,23305.0,25090.0,21805.0,29271,36155.0,23430.0,27,23435.0,16,23440.0,49,23445.0,27,23450.0,15,23455.0,1,23460.0,26,23465.0,33,23470.0,20,23475.0,15,23455.0
zn2408,,13:41:48.500#,23320.0,23530.0,23305.0,25090.0,21805.0,29271,36155.0,23430.0,27,23435.0,16,23440.0,49,23445.0,27,23450.0,15,23455.0,9,23460.0,25,23465.0,33,23470.0,20,23475.0,15,23455.0
zn2408,,13:41:49.0#,23320.0,23530.0,23305.0,25090.0,21805.0,29271,36155.0,23430.0,27,23435.0,16,23440.0,49,23445.0,27,23450.0,11,23455.0,9,23460.0,25,23465.0,33,23470.0,20,23475.0,15,23455.0
zn2408,,13:41:51.0#,23320.0,23530.0,23305.0,25090.0,21805.0,29271,36155.0,23430.0,27,23435.0,16,23440.0,49,23445.0,27,23450.0,10,23455.0,14,23460.0,25,23465.0,33,23470.0,20,23475.0,15,23455.0
zn2408,,13:41:51.500#,23320.0,23530.0,23305.0,25090.0,21805.0,29271,36155.0,23430.0,27,23435.0,16,23440.0,49,23445.0,27,23450.0,3,23455.0,15,23460.0,25,23465.0,33,23470.0,20,23475.0,15,23455.0
zn2408,,13:41:52.0#,23320.0,23530.0,23305.0,25090.0,21805.0,29271,36155.0,23430.0,27,23435.0,16,23440.0,49,23445.0,27,23450.0,2,23455.0,15,23460.0,25,23465.0,33,23470.0,20,23475.0,15,23455.0
zn2408,,13:41:52.500#,23320.0,23530.0,23305.0,25090.0,21805.0,29271,36155.0,23430.0,27,23435.0,16,23440.0,49,23445.0,27,23450.0,3,23455.0,15,23460.0,25,23465.0,33,23470.0,20,23475.0,15,23455.0
zn2408,,13:41:53.0#,23320.0,23530.0,23305.0,25090.0,21805.0,29271,36155.0,23430.0,27,23435.0,16,23440.0,49,23445.0,27,23450.0,18,23455.0,15,23460.0,25,23465.0,33,23470.0,20,23475.0,15,23455.0
zn2408,,13:42:00.0#,23320.0,23530.0,23305.0,25090.0,21805.0,29271,36155.0,23430.0,27,23435.0,16,23440.0,49,23445.0,27,23450.0,19,23455.0,11,23460.0,25,23465.0,33,23470.0,20,23475.0,15,23455.0
zn2408,,13:42:00.500#,23320.0,23530.0,23305.0,25090.0,21805.0,29271,36155.0,23430.0,27,23435.0,16,23440.0,49,23445.0,27,23450.0,19,23455.0,10,23460.0,25,23465.0,33,23470.0,20,23475.0,15,23455.0
zn2408,,13:42:01.0#,23320.0,23530.0,23305.0,25090.0,21805.0,29271,36155.0,23430.0,27,23435.0,16,23440.0,49,23445.0,47,23450.0,19,23455.0,10,23460.0,25,23465.0,33,23470.0,20,23475.0,15,23455.0
zn2408,,13:42:05.0#,23320.0,23530.0,23305.0,25090.0,21805.0,29271,36155.0,23430.0,27,23435.0,16,23440.0,49,23445.0,47,23450.0,21,23455.0,10,23460.0,25,23465.0,33,23470.0,20,23475.0,15,23455.0
zn2408,,13:42:05.500#,23320.0,23530.0,23305.0,25090.0,21805.0,29271,36155.0,23430.0,27,23435.0,17,23440.0,49,23445.0,47,23450.0,21,23455.0,5,23460.0,25,23465.0,33,23470.0,20,23475.0,15,23455.0
zn2408,,13:42:10.500#,23320.0,23530.0,23305.0,25090.0,21805.0,29272,36156.0,23430.0,27,23435.0,17,23440.0,49,23445.0,47,23450.0,20,23455.0,13,23460.0,25,23465.0,33,23470.0,20,23475.0,15,23450.0
zn2408,,13:42:12.0#,23320.0,23530.0,23305.0,25090.0,21805.0,29272,36156.0,23430.0,27,23435.0,17,23440.0,49,23445.0,47,23450.0,19,23455.0,13,23460.0,25,23465.0,33,23470.0,20,23475.0,15,23450.0
zn2408,,13:42:13.500#,23320.0,23530.0,23305.0,25090.0,21805.0,29272,36156.0,23430.0,27,23435.0,17,23440.0,49,23445.0,47,23450.0,18,23455.0,20,23460.0,25,23465.0,33,23470.0,19,23475.0,15,23450.0
zn2408,,13:42:14.0#,23320.0,23530.0,23305.0,25090.0,21805.0,29272,36156.0,23430.0,27,23435.0,17,23440.0,49,23445.0,46,23450.0,18,23455.0,23,23460.0,25,23465.0,33,23470.0,19,23475.0,15,23450.0
zn2408,,13:42:14.500#,23320.0,23530.0,23305.0,25090.0,21805.0,29272,36156.0,23430.0,27,23435.0,17,23440.0,49,23445.0,47,23450.0,25,23455.0,17,23460.0,26,23465.0,33,23470.0,19,23475.0,15,23450.0
zn2408,,13:42:15.500#,23320.0,23530.0,23305.0,25090.0,21805.0,29272,36156.0,23430.0,27,23435.0,17,23440.0,49,23445.0,47,23450.0,25,23455.0,15,23460.0,26,23465.0,33,23470.0,19,23475.0,15,23450.0
zn2408,,13:42:17.0#,23320.0,23530.0,23305.0,25090.0,21805.0,29272,36156.0,23430.0,27,23435.0,17,23440.0,49,23445.0,47,23450.0,25,23455.0,16,23460.0,26,23465.0,33,23470.0,19,23475.0,15,23450.0
zn2408,,13:42:17.500#,23320.0,23530.0,23305.0,25090.0,21805.0,29272,36156.0,23430.0,27,23435.0,17,23440.0,49,23445.0,47,23450.0,25,23455.0,12,23460.0,26,23465.0,33,23470.0,19,23475.0,15,23450.0
zn2408,,13:42:19.0#,23320.0,23530.0,23305.0,25090.0,21805.0,29278,36155.0,23435.0,17,23440.0,49,23445.0,48,23450.0,28,23455.0,4,23460.0,27,23465.0,33,23470.0,19,23475.0,15,23480.0,53,23455.0
zn2408,,13:42:22.0#,23320.0,23530.0,23305.0,25090.0,21805.0,29278,36155.0,23435.0,17,23440.0,49,23445.0,47,23450.0,16,23455.0,22,23460.0,4,23465.0,32,23470.0,19,23475.0,15,23480.0,53,23455.0
zn2408,,13:42:23.0#,23320.0,23530.0,23305.0,25090.0,21805.0,29282,36155.0,23435.0,17,23440.0,49,23445.0,47,23450.0,16,23455.0,26,23465.0,28,23470.0,19,23475.0,15,23480.0,53,23485.0,29,23460.0
zn2408,,13:42:23.500#,23320.0,23530.0,23305.0,25090.0,21805.0,29282,36155.0,23440.0,49,23445.0,47,23450.0,16,23455.0,26,23460.0,4,23465.0,36,23470.0,19,23475.0,15,23480.0,53,23485.0,29,23460.0
zn2408,,13:42:24.0#,23320.0,23530.0,23305.0,25090.0,21805.0,29282,36155.0,23440.0,49,23445.0,47,23450.0,16,23455.0,29,23460.0,11,23465.0,20,23470.0,19,23475.0,16,23480.0,53,23485.0,15,23460.0
zn2408,,13:42:24.500#,23320.0,23530.0,23305.0,25090.0,21805.0,29282,36155.0,23440.0,49,23445.0,47,23450.0,16,23455.0,30,23460.0,14,23465.0,18,23470.0,19,23475.0,16,23480.0,53,23485.0,15,23460.0
zn2408,,13:42:25.0#,23320.0,23530.0,23305.0,25090.0,21805.0,29282,36155.0,23440.0,49,23445.0,47,23450.0,16,23455.0,30,23460.0,24,23465.0,18,23470.0,19,23475.0,16,23480.0,53,23485.0,15,23460.0
zn2408,,13:42:25.500#,23320.0,23530.0,23305.0,25090.0,21805.0,29282,36155.0,23440.0,48,23445.0,47,23450.0,16,23455.0,30,23460.0,25,23465.0,18,23470.0,19,23475.0,16,23480.0,53,23485.0,15,23460.0
zn2408,,13:42:26.0#,23320.0,23530.0,23305.0,25090.0,21805.0,29295,36155.0,23440.0,48,23445.0,47,23450.0,16,23455.0,29,23460.0,6,23465.0,34,23470.0,19,23475.0,15,23480.0,53,23485.0,15,23460.0
zn2408,,13:42:26.500#,23320.0,23530.0,23305.0,25090.0,21805.0,29301,36161.0,23435.0,17,23440.0,48,23445.0,47,23450.0,16,23455.0,28,23460.0,1,23465.0,34,23470.0,19,23475.0,16,23480.0,53,23460.0
zn2408,,13:42:27.0#,23320.0,23530.0,23305.0,25090.0,21805.0,29301,36161.0,23435.0,17,23440.0,48,23445.0,47,23450.0,16,23455.0,26,23460.0,2,23465.0,34,23470.0,19,23475.0,15,23480.0,53,23460.0
zn2408,,13:42:30.500#,23320.0,23530.0,23305.0,25090.0,21805.0,29308,36154.0,23435.0,17,23440.0,48,23445.0,47,23450.0,16,23455.0,26,23460.0,1,23465.0,35,23470.0,20,23475.0,15,23480.0,53,23460.0
zn2408,,13:42:31.0#,23320.0,23530.0,23305.0,25090.0,21805.0,29309,36154.0,23435.0,17,23440.0,48,23445.0,47,23450.0,16,23455.0,26,23465.0,35,23470.0,20,23475.0,15,23480.0,53,23485.0,15,23460.0
zn2408,,13:42:31.500#,23320.0,23530.0,23305.0,25090.0,21805.0,29309,36154.0,23435.0,17,23440.0,48,23445.0,47,23450.0,16,23455.0,26,23465.0,36,23470.0,20,23475.0,15,23480.0,53,23485.0,15,23460.0
zn2408,,13:42:32.0#,23320.0,23530.0,23305.0,25090.0,21805.0,29309,36154.0,23435.0,17,23440.0,48,23445.0,47,23450.0,16,23455.0,23,23465.0,36,23470.0,20,23475.0,15,23480.0,53,23485.0,15,23460.0
zn2408,,13:42:33.0#,23320.0,23530.0,23305.0,25090.0,21805.0,29309,36154.0,23435.0,17,23440.0,48,23445.0,47,23450.0,16,23455.0,23,23460.0,1,23465.0,36,23470.0,20,23475.0,15,23480.0,53,23460.0
zn2408,,13:42:33.500#,23320.0,23530.0,23305.0,25090.0,21805.0,29310,36153.0,23435.0,17,23440.0,48,23445.0,47,23450.0,16,23455.0,23,23460.0,2,23465.0,35,23470.0,20,23475.0,15,23480.0,53,23460.0
zn2408,,13:42:34.0#,23320.0,23530.0,23305.0,25090.0,21805.0,29310,36153.0,23435.0,17,23440.0,48,23445.0,47,23450.0,16,23455.0,23,23460.0,2,23465.0,35,23470.0,20,23475.0,15,23480.0,53,23460.0
zn2408,,13:42:34.500#,23320.0,23530.0,23305.0,25090.0,21805.0,29312,36153.0,23435.0,17,23440.0,48,23445.0,47,23450.0,16,23455.0,23,23465.0,35,23470.0,20,23475.0,15,23480.0,53,23485.0,15,23460.0
zn2408,,13:42:35.0#,23320.0,23530.0,23305.0,25090.0,21805.0,29312,36153.0,23435.0,17,23440.0,48,23445.0,47,23450.0,16,23455.0,23,23460.0,1,23465.0,36,23470.0,20,23475.0,15,23480.0,53,23460.0
zn2408,,13:42:35.500#,23320.0,23530.0,23305.0,25090.0,21805.0,29312,36153.0,23435.0,17,23440.0,48,23445.0,47,23450.0,16,23455.0,24,23465.0,35,23470.0,20,23475.0,15,23480.0,53,23485.0,15,23460.0
zn2408,,13:42:36.0#,23320.0,23530.0,23305.0,25090.0,21805.0,29312,36153.0,23435.0,17,23440.0,48,23445.0,47,23450.0,16,23455.0,24,23465.0,36,23470.0,20,23475.0,15,23480.0,53,23485.0,15,23460.0
zn2408,,13:42:36.500#,23320.0,23530.0,23305.0,25090.0,21805.0,29312,36153.0,23435.0,17,23440.0,48,23445.0,47,23450.0,16,23455.0,24,23465.0,36,23470.0,20,23475.0,15,23480.0,53,23485.0,15,23460.0
zn2408,,13:42:37.0#,23320.0,23530.0,23305.0,25090.0,21805.0,29312,36153.0,23435.0,17,23440.0,48,23445.0,47,23450.0,16,23455.0,24,23460.0,1,23465.0,36,23470.0,20,23475.0,15,23480.0,53,23460.0
zn2408,,13:42:37.500#,23320.0,23530.0,23305.0,25090.0,21805.0,29312,36153.0,23435.0,17,23440.0,48,23445.0,47,23450.0,15,23455.0,23,23460.0,16,23465.0,34,23470.0,19,23475.0,15,23480.0,53,23460.0
zn2408,,13:42:38.0#,23320.0,23530.0,23305.0,25090.0,21805.0,29312,36153.0,23435.0,17,23440.0,48,23445.0,47,23450.0,14,23455.0,24,23460.0,21,23465.0,35,23470.0,19,23475.0,15,23480.0,53,23460.0
zn2408,,13:42:38.500#,23320.0,23530.0,23305.0,25090.0,21805.0,29312,36153.0,23435.0,17,23440.0,48,23445.0,47,23450.0,14,23455.0,24,23460.0,21,23465.0,35,23470.0,19,23475.0,15,23480.0,53,23460.0
zn2408,,13:42:40.0#,23320.0,23530.0,23305.0,25090.0,21805.0,29312,36153.0,23435.0,17,23440.0,48,23445.0,47,23450.0,14,23455.0,24,23460.0,116,23465.0,35,23470.0,19,23475.0,15,23480.0,53,23460.0
zn2408,,13:42:40.500#,23320.0,23530.0,23305.0,25090.0,21805.0,29314,36154.0,23435.0,17,23440.0,48,23445.0,47,23450.0,14,23455.0,20,23460.0,117,23465.0,36,23470.0,19,23475.0,15,23480.0,53,23455.0
zn2408,,13:42:41.0#,23320.0,23530.0,23305.0,25090.0,21805.0,29319,36159.0,23435.0,17,23440.0,48,23445.0,47,23450.0,14,23455.0,15,23460.0,117,23465.0,36,23470.0,19,23475.0,15,23480.0,53,23455.0
zn2408,,13:42:41.500#,23320.0,23530.0,23305.0,25090.0,21805.0,29319,36159.0,23435.0,17,23440.0,48,23445.0,47,23450.0,13,23455.0,14,23460.0,117,23465.0,36,23470.0,19,23475.0,15,23480.0,53,23455.0
zn2408,,13:42:42.0#,23320.0,23530.0,23305.0,25090.0,21805.0,29319,36159.0,23435.0,17,23440.0,48,23445.0,48,23450.0,13,23455.0,14,23460.0,117,23465.0,36,23470.0,19,23475.0,15,23480.0,53,23455.0
zn2408,,13:42:42.500#,23320.0,23530.0,23305.0,25090.0,21805.0,29324,36164.0,23435.0,17,23440.0,48,23445.0,48,23450.0,13,23455.0,9,23460.0,117,23465.0,36,23470.0,19,23475.0,15,23480.0,53,23455.0
zn2408,,13:42:43.0#,23320.0,23530.0,23305.0,25090.0,21805.0,29333,36165.0,23430.0,27,23435.0,17,23440.0,48,23445.0,48,23450.0,13,23460.0,120,23465.0,36,23470.0,19,23475.0,15,23480.0,53,23455.0
zn2408,,13:42:43.500#,23320.0,23530.0,23305.0,25090.0,21805.0,29339,36160.0,23430.0,27,23435.0,17,23440.0,48,23445.0,48,23450.0,2,23455.0,19,23460.0,26,23465.0,36,23470.0,19,23475.0,15,23450.0
zn2408,,13:42:44.0#,23320.0,23530.0,23305.0,25090.0,21805.0,29343,36157.0,23425.0,18,23430.0,27,23435.0,17,23440.0,48,23445.0,47,23450.0,7,23455.0,13,23460.0,24,23465.0,28,23470.0,19,23450.0
zn2408,,13:42:44.500#,23320.0,23530.0,23305.0,25090.0,21805.0,29348,36155.0,23425.0,19,23430.0,27,23435.0,18,23440.0,47,23445.0,38,23455.0,14,23460.0,26,23465.0,27,23470.0,20,23475.0,15,23445.0
zn2408,,13:42:45.0#,23320.0,23530.0,23305.0,25090.0,21805.0,29348,36155.0,23425.0,19,23430.0,27,23435.0,18,23440.0,48,23445.0,37,23450.0,2,23455.0,30,23460.0,26,23465.0,27,23470.0,20,23445.0
zn2408,,13:42:45.500#,23320.0,23530.0,23305.0,25090.0,21805.0,29348,36155.0,23425.0,19,23430.0,27,23435.0,18,23440.0,48,23445.0,38,23450.0,6,23455.0,27,23460.0,26,23465.0,27,23470.0,20,23445.0
zn2408,,13:42:46.0#,23320.0,23530.0,23305.0,25090.0,21805.0,29348,36155.0,23425.0,19,23430.0,27,23435.0,18,23440.0,48,23445.0,38,23450.0,2,23455.0,27,23460.0,26,23465.0,27,23470.0,20,23445.0
zn2408,,13:42:46.500#,23320.0,23530.0,23305.0,25090.0,21805.0,29348,36155.0,23425.0,19,23430.0,27,23435.0,18,23440.0,48,23445.0,38,23450.0,2,23455.0,27,23460.0,26,23465.0,27,23470.0,20,23445.0
zn2408,,13:42:47.0#,23320.0,23530.0,23305.0,25090.0,21805.0,29348,36155.0,23425.0,19,23430.0,27,23435.0,18,23440.0,48,23445.0,37,23450.0,1,23455.0,27,23460.0,26,23465.0,27,23470.0,20,23445.0
zn2408,,13:42:48.0#,23320.0,23530.0,23305.0,25090.0,21805.0,29349,36154.0,23425.0,19,23430.0,27,23435.0,18,23440.0,48,23445.0,37,23455.0,27,23460.0,26,23465.0,27,23470.0,20,23475.0,15,23450.0
zn2408,,13:42:48.500#,23320.0,23530.0,23305.0,25090.0,21805.0,29349,36154.0,23425.0,19,23430.0,27,23435.0,18,23440.0,48,23445.0,37,23455.0,31,23460.0,26,23465.0,27,23470.0,20,23475.0,15,23450.0
zn2408,,13:42:49.0#,23320.0,23530.0,23305.0,25090.0,21805.0,29349,36154.0,23425.0,19,23430.0,27,23435.0,18,23440.0,48,23445.0,34,23455.0,31,23460.0,26,23465.0,27,23470.0,20,23475.0,15,23450.0
zn2408,,13:42:49.500#,23320.0,23530.0,23305.0,25090.0,21805.0,29349,36154.0,23425.0,19,23430.0,27,23435.0,18,23440.0,48,23445.0,34,23455.0,31,23460.0,26,23465.0,27,23470.0,20,23475.0,15,23450.0
zn2408,,13:42:50.0#,23320.0,23530.0,23305.0,25090.0,21805.0,29349,36154.0,23425.0,19,23430.0,27,23435.0,17,23440.0,48,23445.0,34,23455.0,31,23460.0,26,23465.0,27,23470.0,20,23475.0,15,23450.0
zn2408,,13:42:50.500#,23320.0,23530.0,23305.0,25090.0,21805.0,29349,36154.0,23430.0,27,23435.0,17,23440.0,49,23445.0,34,23450.0,15,23455.0,31,23460.0,26,23465.0,27,23470.0,20,23475.0,15,23450.0
zn2408,,13:42:51.0#,23320.0,23530.0,23305.0,25090.0,21805.0,29349,36154.0,23430.0,27,23435.0,17,23440.0,49,23445.0,36,23450.0,15,23455.0,31,23460.0,26,23465.0,27,23470.0,20,23475.0,15,23450.0
zn2408,,13:42:51.500#,23320.0,23530.0,23305.0,25090.0,21805.0,29349,36154.0,23430.0,27,23435.0,17,23440.0,49,23445.0,36,23450.0,15,23455.0,30,23460.0,26,23465.0,27,23470.0,20,23475.0,15,23450.0
zn2408,,13:42:52.0#,23320.0,23530.0,23305.0,25090.0,21805.0,29349,36154.0,23430.0,27,23435.0,17,23440.0,49,23445.0,36,23450.0,15,23455.0,30,23460.0,26,23465.0,27,23470.0,20,23475.0,15,23450.0
zn2408,,13:42:52.500#,23320.0,23530.0,23305.0,25090.0,21805.0,29350,36155.0,23430.0,27,23435.0,17,23440.0,49,23445.0,36,23450.0,14,23455.0,30,23460.0,26,23465.0,27,23470.0,20,23475.0,15,23450.0
zn2408,,13:42:53.0#,23320.0,23530.0,23305.0,25090.0,21805.0,29350,36155.0,23430.0,27,23435.0,17,23440.0,49,23445.0,36,23450.0,14,23455.0,30,23460.0,26,23465.0,27,23470.0,20,23475.0,15,23450.0
zn2408,,13:42:53.500#,23320.0,23530.0,23305.0,25090.0,21805.0,29355,36155.0,23430.0,27,23435.0,17,23440.0,49,23445.0,36,23450.0,9,23455.0,30,23460.0,26,23465.0,27,23470.0,20,23475.0,15,23450.0
zn2408,,13:42:56.0#,23320.0,23530.0,23305.0,25090.0,21805.0,29358,36155.0,23430.0,27,23435.0,17,23440.0,49,23445.0,36,23450.0,12,23455.0,27,23460.0,26,23465.0,27,23470.0,20,23475.0,15,23455.0
zn2408,,13:42:56.500#,23320.0,23530.0,23305.0,25090.0,21805.0,29358,36155.0,23430.0,27,23435.0,17,23440.0,49,23445.0,36,23450.0,17,23455.0,27,23460.0,26,23465.0,27,23470.0,20,23475.0,15,23455.0
zn2408,,13:42:57.0#,23320.0,23530.0,23305.0,25090.0,21805.0,29358,36155.0,23430.0,27,23435.0,17,23440.0,49,23445.0,36,23450.0,14,23455.0,25,23460.0,26,23465.0,27,23470.0,20,23475.0,15,23455.0
zn2408,,13:42:57.500#,23320.0,23530.0,23305.0,25090.0,21805.0,29358,36155.0,23430.0,27,23435.0,17,23440.0,49,23445.0,36,23450.0,14,23455.0,25,23460.0,26,23465.0,27,23470.0,20,23475.0,15,23455.0
zn2408,,13:42:58.500#,23320.0,23530.0,23305.0,25090.0,21805.0,29358,36155.0,23430.0,27,23435.0,17,23440.0,49,23445.0,36,23450.0,15,23455.0,25,23460.0,26,23465.0,27,23470.0,20,23475.0,15,23455.0
zn2408,,13:42:59.0#,23320.0,23530.0,23305.0,25090.0,21805.0,29359,36156.0,23430.0,27,23435.0,17,23440.0,49,23445.0,36,23450.0,14,23455.0,25,23460.0,26,23465.0,27,23470.0,20,23475.0,15,23450.0
zn2408,,13:42:59.500#,23320.0,23530.0,23305.0,25090.0,21805.0,29359,36156.0,23430.0,27,23435.0,17,23440.0,49,23445.0,36,23450.0,9,23455.0,25,23460.0,26,23465.0,27,23470.0,20,23475.0,15,23450.0
zn2408,,13:43:01.500#,23320.0,23530.0,23305.0,25090.0,21805.0,29359,36156.0,23430.0,21,23435.0,17,23440.0,49,23445.0,36,23450.0,15,23455.0,25,23460.0,26,23465.0,27,23470.0,20,23475.0,15,23450.0
zn2408,,13:43:03.500#,23320.0,23530.0,23305.0,25090.0,21805.0,29361,36157.0,23430.0,21,23435.0,17,23440.0,49,23445.0,36,23450.0,13,23455.0,25,23460.0,26,23465.0,27,23470.0,20,23475.0,15,23450.0
zn2408,,13:43:04.0#,23320.0,23530.0,23305.0,25090.0,21805.0,29375,36161.0,23425.0,19,23430.0,21,23435.0,17,23440.0,49,23445.0,35,23450.0,5,23455.0,28,23460.0,26,23465.0,27,23470.0,20,23445.0
zn2408,,13:43:04.500#,23320.0,23530.0,23305.0,25090.0,21805.0,29388,36158.0,23430.0,21,23435.0,17,23440.0,49,23445.0,30,23450.0,5,23455.0,26,23460.0,26,23465.0,27,23470.0,20,23475.0,15,23450.0
zn2408,,13:43:05.0#,23320.0,23530.0,23305.0,25090.0,21805.0,29398,36155.0,23425.0,19,23430.0,21,23435.0,18,23440.0,49,23445.0,27,23450.0,18,23455.0,31,23460.0,26,23465.0,27,23470.0,20,23445.0
zn2408,,13:43:05.500#,23320.0,23530.0,23305.0,25090.0,21805.0,29417,36144.0,23430.0,21,23435.0,18,23440.0,48,23445.0,34,23450.0,3,23455.0,27,23460.0,26,23465.0,27,23470.0,21,23475.0,15,23450.0
zn2408,,13:43:06.0#,23320.0,23530.0,23305.0,25090.0,21805.0,29423,36138.0,23425.0,19,23430.0,21,23435.0,18,23440.0,49,23445.0,24,23450.0,8,23455.0,29,23460.0,26,23465.0,27,23470.0,21,23445.0
zn2408,,13:43:06.500#,23320.0,23530.0,23305.0,25090.0,21805.0,29430,36131.0,23425.0,19,23430.0,21,23435.0,18,23440.0,48,23445.0,13,23450.0,16,23455.0,27,23460.0,26,23465.0,27,23470.0,21,23445.0
zn2408,,13:43:07.0#,23320.0,23530.0,23305.0,25090.0,21805.0,29431,36130.0,23425.0,19,23430.0,21,23435.0,17,23440.0,47,23445.0,15,23450.0,20,23455.0,27,23460.0,26,23465.0,27,23470.0,20,23445.0
zn2408,,13:43:07.500#,23320.0,23530.0,23305.0,25090.0,21805.0,29431,36130.0,23425.0,19,23430.0,21,23435.0,17,23440.0,47,23445.0,15,23450.0,19,23455.0,27,23460.0,26,23465.0,27,23470.0,20,23445.0
zn2408,,13:43:08.0#,23320.0,23530.0,23305.0,25090.0,21805.0,29431,36130.0,23425.0,19,23430.0,21,23435.0,17,23440.0,47,23445.0,20,23450.0,19,23455.0,27,23460.0,26,23465.0,28,23470.0,20,23445.0
zn2408,,13:43:08.500#,23320.0,23530.0,23305.0,25090.0,21805.0,29431,36130.0,23425.0,19,23430.0,21,23435.0,17,23440.0,47,23445.0,20,23450.0,19,23455.0,27,23460.0,26,23465.0,28,23470.0,20,23445.0
zn2408,,13:43:11.0#,23320.0,23530.0,23305.0,25090.0,21805.0,29431,36130.0,23425.0,19,23430.0,21,23435.0,17,23440.0,48,23445.0,12,23450.0,19,23455.0,27,23460.0,26,23465.0,28,23470.0,20,23445.0
zn2408,,13:43:11.500#,23320.0,23530.0,23305.0,25090.0,21805.0,29431,36130.0,23425.0,19,23430.0,21,23435.0,17,23440.0,48,23445.0,12,23450.0,16,23455.0,27,23460.0,26,23465.0,28,23470.0,20,23445.0
zn2408,,13:43:12.0#,23320.0,23530.0,23305.0,25090.0,21805.0,29431,36130.0,23425.0,19,23430.0,21,23435.0,17,23440.0,53,23445.0,12,23450.0,16,23455.0,27,23460.0,26,23465.0,28,23470.0,20,23445.0
zn2408,,13:43:12.500#,23320.0,23530.0,23305.0,25090.0,21805.0,29431,36130.0,23425.0,19,23430.0,21,23435.0,17,23440.0,53,23445.0,12,23450.0,16,23455.0,28,23460.0,26,23465.0,28,23470.0,20,23445.0
zn2408,,13:43:13.500#,23320.0,23530.0,23305.0,25090.0,21805.0,29431,36130.0,23425.0,19,23430.0,21,23435.0,17,23440.0,53,23445.0,17,23450.0,17,23455.0,28,23460.0,26,23465.0,28,23470.0,20,23445.0
zn2408,,13:43:14.0#,23320.0,23530.0,23305.0,25090.0,21805.0,29431,36130.0,23425.0,19,23430.0,21,23435.0,17,23440.0,53,23445.0,17,23450.0,17,23455.0,28,23460.0,26,23465.0,28,23470.0,20,23445.0
zn2408,,13:43:14.500#,23320.0,23530.0,23305.0,25090.0,21805.0,29431,36130.0,23425.0,19,23430.0,21,23435.0,17,23440.0,53,23445.0,18,23450.0,16,23455.0,28,23460.0,26,23465.0,28,23470.0,20,23445.0
zn2408,,13:43:15.0#,23320.0,23530.0,23305.0,25090.0,21805.0,29431,36130.0,23425.0,19,23430.0,21,23435.0,17,23440.0,53,23445.0,18,23450.0,16,23455.0,28,23460.0,26,23465.0,28,23470.0,20,23445.0
zn2408,,13:43:16.500#,23320.0,23530.0,23305.0,25090.0,21805.0,29431,36130.0,23425.0,19,23430.0,21,23435.0,17,23440.0,53,23445.0,17,23450.0,16,23455.0,28,23460.0,26,23465.0,28,23470.0,20,23445.0
zn2408,,13:43:17.0#,23320.0,23530.0,23305.0,25090.0,21805.0,29431,36130.0,23425.0,19,23430.0,21,23435.0,17,23440.0,53,23445.0,17,23450.0,16,23455.0,28,23460.0,26,23465.0,28,23470.0,20,23445.0
zn2408,,13:43:19.500#,23320.0,23530.0,23305.0,25090.0,21805.0,29431,36130.0,23425.0,19,23430.0,21,23435.0,17,23440.0,53,23445.0,12,23450.0,16,23455.0,28,23460.0,26,23465.0,28,23470.0,20,23445.0
zn2408,,13:43:20.0#,23320.0,23530.0,23305.0,25090.0,21805.0,29431,36130.0,23425.0,19,23430.0,21,23435.0,17,23440.0,53,23445.0,12,23450.0,18,23455.0,28,23460.0,26,23465.0,28,23470.0,20,23445.0
zn2408,,13:43:20.500#,23320.0,23530.0,23305.0,25090.0,21805.0,29431,36130.0,23425.0,19,23430.0,21,23435.0,17,23440.0,53,23445.0,12,23450.0,18,23455.0,28,23460.0,26,23465.0,28,23470.0,20,23445.0
zn2408,,13:43:22.0#,23320.0,23530.0,23305.0,25090.0,21805.0,29431,36130.0,23425.0,19,23430.0,21,23435.0,17,23440.0,53,23445.0,12,23450.0,18,23455.0,28,23460.0,25,23465.0,28,23470.0,20,23445.0
zn2408,,13:43:22.500#,23320.0,23530.0,23305.0,25090.0,21805.0,29434,36130.0,23425.0,19,23430.0,21,23435.0,17,23440.0,53,23445.0,9,23450.0,18,23455.0,28,23460.0,26,23465.0,28,23470.0,20,23445.0
zn2408,,13:43:23.0#,23320.0,23530.0,23305.0,25090.0,21805.0,29440,36128.0,23425.0,19,23430.0,21,23435.0,17,23440.0,53,23445.0,3,23450.0,20,23455.0,28,23460.0,26,23465.0,28,23470.0,20,23445.0
zn2408,,13:43:23.500#,23320.0,23530.0,23305.0,25090.0,21805.0,29441,36128.0,23425.0,19,23430.0,21,23435.0,17,23440.0,53,23445.0,2,23450.0,24,23455.0,28,23460.0,26,23465.0,28,23470.0,20,23445.0
zn2408,,13:43:24.0#,23320.0,23530.0,23305.0,25090.0,21805.0,29442,36127.0,23425.0,19,23430.0,21,23435.0,17,23440.0,53,23445.0,2,23450.0,24,23455.0,28,23460.0,26,23465.0,28,23470.0,20,23445.0
zn2408,,13:43:24.500#,23320.0,23530.0,23305.0,25090.0,21805.0,29442,36127.0,23425.0,19,23430.0,21,23435.0,17,23440.0,53,23445.0,2,23450.0,24,23455.0,28,23460.0,26,23465.0,28,23470.0,20,23445.0
zn2408,,13:43:25.500#,23320.0,23530.0,23305.0,25090.0,21805.0,29444,36127.0,23420.0,66,23425.0,19,23430.0,21,23435.0,17,23440.0,53,23445.0,1,23450.0,24,23455.0,28,23460.0,26,23465.0,28,23445.0
zn2408,,13:43:26.0#,23320.0,23530.0,23305.0,25090.0,21805.0,29447,36128.0,23420.0,66,23425.0,15,23430.0,21,23435.0,17,23440.0,52,23445.0,2,23450.0,24,23455.0,19,23460.0,25,23465.0,28,23440.0
zn2408,,13:43:26.500#,23320.0,23530.0,23305.0,25090.0,21805.0,29450,36127.0,23420.0,66,23425.0,15,23430.0,21,23435.0,17,23440.0,52,23450.0,24,23455.0,20,23460.0,25,23465.0,28,23470.0,20,23440.0
zn2408,,13:43:27.500#,23320.0,23530.0,23305.0,25090.0,21805.0,29451,36128.0,23425.0,15,23430.0,21,23435.0,18,23440.0,52,23445.0,4,23450.0,32,23455.0,20,23460.0,25,23465.0,28,23470.0,20,23445.0
zn2408,,13:43:28.0#,23320.0,23530.0,23305.0,25090.0,21805.0,29451,36128.0,23420.0,66,23425.0,15,23430.0,21,23435.0,18,23440.0,52,23450.0,32,23455.0,20,23460.0,25,23465.0,28,23470.0,20,23445.0
zn2408,,13:43:28.500#,23320.0,23530.0,23305.0,25090.0,21805.0,29451,36128.0,23420.0,66,23425.0,15,23430.0,21,23435.0,18,23440.0,52,23450.0,33,23455.0,20,23460.0,25,23465.0,28,23470.0,20,23445.0
zn2408,,13:43:29.0#,23320.0,23530.0,23305.0,25090.0,21805.0,29451,36128.0,23420.0,66,23425.0,15,23430.0,21,23435.0,18,23440.0,52,23445.0,3,23450.0,33,23455.0,20,23460.0,25,23465.0,28,23445.0
zn2408,,13:43:29.500#,23320.0,23530.0,23305.0,25090.0,21805.0,29454,36128.0,23420.0,66,23425.0,15,23430.0,21,23435.0,18,23440.0,50,23450.0,32,23455.0,20,23460.0,25,23465.0,28,23470.0,20,23445.0
zn2408,,13:43:30.0#,23320.0,23530.0,23305.0,25090.0,21805.0,29454,36128.0,23420.0,66,23425.0,15,23430.0,21,23435.0,18,23440.0,50,23450.0,33,23455.0,20,23460.0,25,23465.0,28,23470.0,20,23445.0
zn2408,,13:43:30.500#,23320.0,23530.0,23305.0,25090.0,21805.0,29454,36128.0,23425.0,15,23430.0,21,23435.0,18,23440.0,51,23445.0,3,23450.0,33,23455.0,20,23460.0,25,23465.0,28,23470.0,20,23445.0
zn2408,,13:43:31.500#,23320.0,23530.0,23305.0,25090.0,21805.0,29457,36131.0,23425.0,15,23430.0,21,23435.0,18,23440.0,52,23445.0,2,23450.0,32,23455.0,20,23460.0,25,23465.0,28,23470.0,20,23445.0
zn2408,,13:43:32.0#,23320.0,23530.0,23305.0,25090.0,21805.0,29459,36129.0,23420.0,66,23425.0,15,23430.0,21,23435.0,18,23440.0,52,23450.0,32,23455.0,20,23460.0,25,23465.0,28,23470.0,20,23445.0
zn2408,,13:43:32.500#,23320.0,23530.0,23305.0,25090.0,21805.0,29459,36129.0,23420.0,66,23425.0,15,23430.0,21,23435.0,18,23440.0,52,23450.0,32,23455.0,20,23460.0,25,23465.0,28,23470.0,20,23445.0
zn2408,,13:43:37.500#,23320.0,23530.0,23305.0,25090.0,21805.0,29459,36129.0,23420.0,66,23425.0,15,23430.0,21,23435.0,18,23440.0,52,23445.0,1,23450.0,32,23455.0,20,23460.0,25,23465.0,28,23445.0
zn2408,,13:43:38.500#,23320.0,23530.0,23305.0,25090.0,21805.0,29460,36129.0,23420.0,66,23425.0,15,23430.0,21,23435.0,18,23440.0,52,23450.0,32,23455.0,20,23460.0,25,23465.0,28,23470.0,20,23445.0
zn2408,,13:43:39.0#,23320.0,23530.0,23305.0,25090.0,21805.0,29460,36129.0,23425.0,15,23430.0,21,23435.0,18,23440.0,57,23445.0,3,23450.0,32,23455.0,20,23460.0,25,23465.0,28,23470.0,20,23445.0
zn2408,,13:43:39.500#,23320.0,23530.0,23305.0,25090.0,21805.0,29460,36129.0,23425.0,15,23430.0,21,23435.0,18,23440.0,57,23445.0,5,23450.0,32,23455.0,20,23460.0,25,23465.0,28,23470.0,20,23445.0
zn2408,,13:43:40.0#,23320.0,23530.0,23305.0,25090.0,21805.0,29460,36129.0,23425.0,15,23430.0,21,23435.0,18,23440.0,57,23445.0,2,23450.0,32,23455.0,20,23460.0,25,23465.0,28,23470.0,20,23445.0
zn2408,,13:43:41.0#,23320.0,23530.0,23305.0,25090.0,21805.0,29460,36129.0,23425.0,15,23430.0,21,23435.0,18,23440.0,57,23445.0,2,23450.0,32,23455.0,20,23460.0,25,23465.0,28,23470.0,20,23445.0
zn2408,,13:43:41.500#,23320.0,23530.0,23305.0,25090.0,21805.0,29460,36129.0,23425.0,15,23430.0,21,23435.0,18,23440.0,57,23445.0,17,23450.0,32,23455.0,20,23460.0,25,23465.0,28,23470.0,20,23445.0
zn2408,,13:43:42.0#,23320.0,23530.0,23305.0,25090.0,21805.0,29471,36132.0,23425.0,15,23430.0,21,23435.0,18,23440.0,57,23445.0,6,23450.0,32,23455.0,20,23460.0,25,23465.0,28,23470.0,20,23445.0
zn2408,,13:43:42.500#,23320.0,23530.0,23305.0,25090.0,21805.0,29482,36130.0,23420.0,66,23425.0,15,23430.0,21,23435.0,18,23440.0,52,23445.0,9,23450.0,38,23455.0,20,23460.0,25,23465.0,28,23440.0
zn2408,,13:43:43.0#,23320.0,23530.0,23305.0,25090.0,21805.0,29492,36126.0,23420.0,66,23425.0,15,23430.0,22,23435.0,18,23440.0,50,23445.0,1,23450.0,34,23455.0,20,23460.0,25,23465.0,28,23445.0
zn2408,,13:43:43.500#,23320.0,23530.0,23305.0,25090.0,21805.0,29493,36125.0,23425.0,15,23430.0,22,23435.0,18,23440.0,51,23445.0,2,23450.0,34,23455.0,20,23460.0,25,23465.0,28,23470.0,20,23445.0
zn2408,,13:43:44.0#,23320.0,23530.0,23305.0,25090.0,21805.0,29496,36123.0,23420.0,66,23425.0,15,23430.0,22,23435.0,18,23440.0,49,23445.0,2,23450.0,32,23455.0,20,23460.0,25,23465.0,28,23440.0
zn2408,,13:43:44.500#,23320.0,23530.0,23305.0,25090.0,21805.0,29497,36122.0,23420.0,66,23425.0,15,23430.0,22,23435.0,18,23440.0,48,23445.0,9,23450.0,32,23455.0,20,23460.0,25,23465.0,26,23440.0
zn2408,,13:43:45.0#,23320.0,23530.0,23305.0,25090.0,21805.0,29499,36120.0,23420.0,66,23425.0,15,23430.0,22,23435.0,18,23440.0,45,23445.0,10,23450.0,32,23455.0,20,23460.0,25,23465.0,26,23440.0
zn2408,,13:43:45.500#,23320.0,23530.0,23305.0,25090.0,21805.0,29499,36120.0,23420.0,66,23425.0,15,23430.0,22,23435.0,18,23440.0,45,23445.0,5,23450.0,32,23455.0,20,23460.0,25,23465.0,26,23440.0
zn2408,,13:43:46.0#,23320.0,23530.0,23305.0,25090.0,21805.0,29499,36120.0,23420.0,66,23425.0,15,23430.0,22,23435.0,18,23440.0,45,23445.0,1,23450.0,32,23455.0,20,23460.0,25,23465.0,26,23440.0
zn2408,,13:43:46.500#,23320.0,23530.0,23305.0,25090.0,21805.0,29500,36120.0,23425.0,15,23430.0,22,23435.0,18,23440.0,46,23445.0,2,23450.0,32,23455.0,20,23460.0,25,23465.0,26,23470.0,20,23445.0
zn2408,,13:43:47.0#,23320.0,23530.0,23305.0,25090.0,21805.0,29502,36120.0,23420.0,66,23425.0,15,23430.0,22,23435.0,18,23440.0,47,23445.0,1,23450.0,32,23455.0,20,23460.0,25,23465.0,26,23445.0
zn2408,,13:43:47.500#,23320.0,23530.0,23305.0,25090.0,21805.0,29503,36120.0,23420.0,66,23425.0,15,23430.0,22,23435.0,18,23440.0,47,23450.0,32,23455.0,20,23460.0,25,23465.0,26,23470.0,20,23445.0
zn2408,,13:43:48.0#,23320.0,23530.0,23305.0,25090.0,21805.0,29503,36120.0,23420.0,66,23425.0,15,23430.0,22,23435.0,18,23440.0,47,23450.0,33,23455.0,20,23460.0,25,23465.0,26,23470.0,20,23445.0
zn2408,,13:43:48.500#,23320.0,23530.0,23305.0,25090.0,21805.0,29503,36120.0,23420.0,66,23425.0,15,23430.0,22,23435.0,18,23440.0,47,23450.0,33,23455.0,20,23460.0,25,23465.0,26,23470.0,20,23445.0
zn2408,,13:43:51.500#,23320.0,23530.0,23305.0,25090.0,21805.0,29503,36120.0,23425.0,15,23430.0,22,23435.0,18,23440.0,47,23445.0,1,23450.0,33,23455.0,20,23460.0,25,23465.0,26,23470.0,20,23445.0
zn2408,,13:43:53.0#,23320.0,23530.0,23305.0,25090.0,21805.0,29503,36120.0,23425.0,15,23430.0,22,23435.0,18,23440.0,47,23445.0,3,23450.0,31,23455.0,20,23460.0,25,23465.0,26,23470.0,20,23445.0
zn2408,,13:43:53.500#,23320.0,23530.0,23305.0,25090.0,21805.0,29503,36120.0,23425.0,15,23430.0,22,23435.0,18,23440.0,42,23445.0,12,23450.0,31,23455.0,20,23460.0,25,23465.0,26,23470.0,20,23445.0
zn2408,,13:43:54.0#,23320.0,23530.0,23305.0,25090.0,21805.0,29506,36123.0,23425.0,15,23430.0,22,23435.0,18,23440.0,42,23445.0,17,23450.0,21,23455.0,20,23460.0,25,23465.0,26,23470.0,20,23450.0
zn2408,,13:43:55.0#,23320.0,23530.0,23305.0,25090.0,21805.0,29523,36128.0,23430.0,22,23435.0,18,23440.0,43,23445.0,21,23450.0,2,23455.0,24,23460.0,25,23465.0,26,23470.0,20,23475.0,15,23450.0
zn2408,,13:43:55.500#,23320.0,23530.0,23305.0,25090.0,21805.0,29523,36128.0,23430.0,22,23435.0,18,23440.0,44,23445.0,24,23450.0,5,23455.0,23,23460.0,25,23465.0,26,23470.0,20,23475.0,15,23450.0
zn2408,,13:43:56.0#,23320.0,23530.0,23305.0,25090.0,21805.0,29524,36128.0,23425.0,15,23430.0,22,23435.0,18,23440.0,45,23445.0,24,23455.0,22,23460.0,26,23465.0,26,23470.0,20,23475.0,15,23450.0
zn2408,,13:43:56.500#,23320.0,23530.0,23305.0,25090.0,21805.0,29524,36128.0,23425.0,15,23430.0,22,23435.0,18,23440.0,45,23445.0,22,23450.0,5,23455.0,22,23460.0,26,23465.0,26,23470.0,20,23450.0
zn2408,,13:43:57.0#,23320.0,23530.0,23305.0,25090.0,21805.0,29524,36128.0,23425.0,15,23430.0,22,23435.0,18,23440.0,44,23445.0,19,23450.0,14,23455.0,20,23460.0,26,23465.0,26,23470.0,20,23450.0
zn2408,,13:43:57.500#,23320.0,23530.0,23305.0,25090.0,21805.0,29524,36128.0,23425.0,15,23430.0,22,23435.0,18,23440.0,44,23445.0,18,23450.0,14,23455.0,20,23460.0,26,23465.0,26,23470.0,20,23450.0
zn2408,,13:43:58.0#,23320.0,23530.0,23305.0,25090.0,21805.0,29524,36128.0,23425.0,15,23430.0,22,23435.0,18,23440.0,44,23445.0,20,23450.0,5,23455.0,20,23460.0,26,23465.0,26,23470.0,20,23450.0
zn2408,,13:43:58.500#,23320.0,23530.0,23305.0,25090.0,21805.0,29524,36128.0,23425.0,15,23430.0,22,23435.0,18,23440.0,45,23445.0,20,23450.0,5,23455.0,20,23460.0,26,23465.0,26,23470.0,20,23450.0
zn2408,,13:43:59.0#,23320.0,23530.0,23305.0,25090.0,21805.0,29524,36128.0,23425.0,15,23430.0,22,23435.0,18,23440.0,45,23445.0,21,23450.0,5,23455.0,20,23460.0,26,23465.0,26,23470.0,20,23450.0
zn2408,,13:44:00.0#,23320.0,23530.0,23305.0,25090.0,21805.0,29524,36128.0,23425.0,15,23430.0,22,23435.0,18,23440.0,44,23445.0,15,23450.0,17,23455.0,20,23460.0,26,23465.0,26,23470.0,20,23450.0
zn2408,,13:44:00.500#,23320.0,23530.0,23305.0,25090.0,21805.0,29524,36128.0,23425.0,15,23430.0,22,23435.0,18,23440.0,44,23445.0,15,23450.0,17,23455.0,20,23460.0,26,23465.0,26,23470.0,20,23450.0
zn2408,,13:44:01.0#,23320.0,23530.0,23305.0,25090.0,21805.0,29524,36128.0,23425.0,15,23430.0,22,23435.0,18,23440.0,44,23445.0,15,23450.0,17,23455.0,21,23460.0,25,23465.0,26,23470.0,20,23450.0
zn2408,,13:44:01.500#,23320.0,23530.0,23305.0,25090.0,21805.0,29524,36128.0,23425.0,15,23430.0,22,23435.0,18,23440.0,44,23445.0,15,23450.0,17,23455.0,21,23460.0,26,23465.0,26,23470.0,20,23450.0
zn2408,,13:44:02.0#,23320.0,23530.0,23305.0,25090.0,21805.0,29524,36128.0,23425.0,15,23430.0,22,23435.0,18,23440.0,44,23445.0,7,23450.0,18,23455.0,21,23460.0,26,23465.0,26,23470.0,20,23450.0
zn2408,,13:44:02.500#,23320.0,23530.0,23305.0,25090.0,21805.0,29524,36128.0,23425.0,15,23430.0,23,23435.0,18,23440.0,44,23445.0,7,23450.0,18,23455.0,21,23460.0,26,23465.0,26,23470.0,20,23450.0
zn2408,,13:44:03.0#,23320.0,23530.0,23305.0,25090.0,21805.0,29524,36128.0,23425.0,15,23430.0,23,23435.0,18,23440.0,44,23445.0,7,23450.0,18,23455.0,21,23460.0,26,23465.0,26,23470.0,20,23450.0
zn2408,,13:44:04.0#,23320.0,23530.0,23305.0,25090.0,21805.0,29524,36128.0,23425.0,15,23430.0,23,23435.0,18,23440.0,44,23445.0,7,23450.0,17,23455.0,21,23460.0,26,23465.0,26,23470.0,20,23450.0
zn2408,,13:44:04.500#,23320.0,23530.0,23305.0,25090.0,21805.0,29524,36128.0,23425.0,15,23430.0,23,23435.0,18,23440.0,44,23445.0,7,23450.0,17,23455.0,21,23460.0,26,23465.0,26,23470.0,20,23450.0
zn2408,,13:44:06.500#,23320.0,23530.0,23305.0,25090.0,21805.0,29524,36128.0,23425.0,15,23430.0,23,23435.0,18,23440.0,44,23445.0,7,23450.0,18,23455.0,21,23460.0,25,23465.0,26,23470.0,20,23450.0
zn2408,,13:44:07.500#,23320.0,23530.0,23305.0,25090.0,21805.0,29524,36128.0,23425.0,15,23430.0,23,23435.0,18,23440.0,44,23445.0,7,23450.0,18,23455.0,22,23460.0,25,23465.0,26,23470.0,20,23450.0
zn2408,,13:44:08.0#,23320.0,23530.0,23305.0,25090.0,21805.0,29524,36128.0,23425.0,15,23430.0,23,23435.0,18,23440.0,44,23445.0,7,23450.0,19,23455.0,22,23460.0,25,23465.0,26,23470.0,20,23450.0
zn2408,,13:44:08.500#,23320.0,23530.0,23305.0,25090.0,21805.0,29524,36128.0,23425.0,15,23430.0,23,23435.0,18,23440.0,44,23445.0,7,23450.0,19,23455.0,22,23460.0,25,23465.0,26,23470.0,20,23450.0
zn2408,,13:44:10.0#,23320.0,23530.0,23305.0,25090.0,21805.0,29524,36128.0,23425.0,15,23430.0,23,23435.0,18,23440.0,44,23445.0,7,23450.0,18,23455.0,22,23460.0,25,23465.0,26,23470.0,20,23450.0
zn2408,,13:44:10.500#,23320.0,23530.0,23305.0,25090.0,21805.0,29524,36128.0,23425.0,15,23430.0,23,23435.0,18,23440.0,44,23445.0,12,23450.0,18,23455.0,22,23460.0,25,23465.0,26,23470.0,20,23450.0
zn2408,,13:44:15.0#,23320.0,23530.0,23305.0,25090.0,21805.0,29524,36128.0,23425.0,15,23430.0,23,23435.0,18,23440.0,44,23445.0,13,23450.0,17,23455.0,22,23460.0,25,23465.0,26,23470.0,20,23450.0
zn2408,,13:44:15.500#,23320.0,23530.0,23305.0,25090.0,21805.0,29524,36128.0,23425.0,15,23430.0,23,23435.0,18,23440.0,44,23445.0,13,23450.0,14,23455.0,22,23460.0,25,23465.0,26,23470.0,20,23450.0
zn2408,,13:44:16.500#,23320.0,23530.0,23305.0,25090.0,21805.0,29524,36128.0,23425.0,15,23430.0,23,23435.0,18,23440.0,44,23445.0,13,23450.0,15,23455.0,22,23460.0,25,23465.0,26,23470.0,20,23450.0
zn2408,,13:44:17.0#,23320.0,23530.0,23305.0,25090.0,21805.0,29524,36128.0,23425.0,15,23430.0,23,23435.0,18,23440.0,44,23445.0,13,23450.0,15,23455.0,22,23460.0,25,23465.0,26,23470.0,20,23450.0
zn2408,,13:44:18.0#,23320.0,23530.0,23305.0,25090.0,21805.0,29525,36128.0,23425.0,15,23430.0,23,23435.0,18,23440.0,44,23445.0,15,23450.0,15,23455.0,22,23460.0,25,23465.0,26,23470.0,20,23445.0
zn2408,,13:44:18.500#,23320.0,23530.0,23305.0,25090.0,21805.0,29525,36128.0,23425.0,15,23430.0,23,23435.0,18,23440.0,44,23445.0,15,23450.0,15,23455.0,22,23460.0,25,23465.0,26,23470.0,20,23445.0
zn2408,,13:44:19.0#,23320.0,23530.0,23305.0,25090.0,21805.0,29525,36128.0,23425.0,15,23430.0,23,23435.0,18,23440.0,44,23445.0,15,23450.0,14,23455.0,22,23460.0,25,23465.0,26,23470.0,20,23445.0
zn2408,,13:44:21.0#,23320.0,23530.0,23305.0,25090.0,21805.0,29525,36128.0,23425.0,15,23430.0,23,23435.0,18,23440.0,44,23445.0,25,23450.0,14,23455.0,22,23460.0,25,23465.0,26,23470.0,20,23445.0
zn2408,,13:44:21.500#,23320.0,23530.0,23305.0,25090.0,21805.0,29525,36128.0,23425.0,15,23430.0,23,23435.0,18,23440.0,44,23445.0,25,23450.0,13,23455.0,22,23460.0,25,23465.0,26,23470.0,20,23445.0
zn2408,,13:44:24.0#,23320.0,23530.0,23305.0,25090.0,21805.0,29525,36128.0,23425.0,15,23430.0,23,23435.0,18,23440.0,49,23445.0,25,23450.0,13,23455.0,22,23460.0,25,23465.0,26,23470.0,20,23445.0
zn2408,,13:44:25.0#,23320.0,23530.0,23305.0,25090.0,21805.0,29525,36128.0,23425.0,15,23430.0,23,23435.0,18,23440.0,49,23445.0,35,23450.0,13,23455.0,22,23460.0,25,23465.0,26,23470.0,20,23445.0
zn2408,,13:44:27.0#,23320.0,23530.0,23305.0,25090.0,21805.0,29527,36128.0,23425.0,15,23430.0,23,23435.0,18,23440.0,49,23445.0,35,23450.0,18,23455.0,22,23460.0,25,23465.0,26,23470.0,20,23450.0
zn2408,,13:44:27.500#,23320.0,23530.0,23305.0,25090.0,21805.0,29527,36128.0,23425.0,15,23430.0,23,23435.0,18,23440.0,49,23445.0,35,23450.0,18,23455.0,22,23460.0,25,23465.0,26,23470.0,20,23450.0
zn2408,,13:44:28.500#,23320.0,23530.0,23305.0,25090.0,21805.0,29527,36128.0,23425.0,15,23430.0,23,23435.0,18,23440.0,49,23445.0,32,23450.0,18,23455.0,22,23460.0,25,23465.0,26,23470.0,20,23450.0
zn2408,,13:44:29.0#,23320.0,23530.0,23305.0,25090.0,21805.0,29527,36128.0,23425.0,15,23430.0,23,23435.0,18,23440.0,49,23445.0,32,23450.0,18,23455.0,22,23460.0,25,23465.0,26,23470.0,20,23450.0
zn2408,,13:44:32.0#,23320.0,23530.0,23305.0,25090.0,21805.0,29583,36126.0,23420.0,66,23425.0,15,23430.0,23,23435.0,18,23440.0,51,23450.0,28,23455.0,19,23460.0,25,23465.0,26,23470.0,20,23445.0
zn2408,,13:44:32.500#,23320.0,23530.0,23305.0,25090.0,21805.0,29586,36123.0,23420.0,66,23425.0,15,23430.0,22,23435.0,17,23440.0,49,23445.0,1,23450.0,31,23455.0,19,23460.0,25,23465.0,26,23445.0
zn2408,,13:44:33.0#,23320.0,23530.0,23305.0,25090.0,21805.0,29586,36123.0,23420.0,59,23425.0,15,23430.0,23,23435.0,17,23440.0,46,23445.0,8,23450.0,29,23455.0,19,23460.0,25,23465.0,26,23445.0
zn2408,,13:44:33.500#,23320.0,23530.0,23305.0,25090.0,21805.0,29586,36123.0,23420.0,59,23425.0,15,23430.0,23,23435.0,17,23440.0,46,23445.0,11,23450.0,29,23455.0,19,23460.0,25,23465.0,26,23445.0
zn2408,,13:44:35.0#,23320.0,23530.0,23305.0,25090.0,21805.0,29605,36120.0,23420.0,59,23425.0,16,23430.0,23,23435.0,17,23440.0,40,23445.0,3,23450.0,30,23455.0,19,23460.0,25,23465.0,26,23445.0
zn2408,,13:44:35.500#,23320.0,23530.0,23305.0,25090.0,21805.0,29605,36120.0,23420.0,59,23425.0,16,23430.0,23,23435.0,17,23440.0,40,23445.0,8,23450.0,30,23455.0,19,23460.0,25,23465.0,26,23445.0
zn2408,,13:44:36.0#,23320.0,23530.0,23305.0,25090.0,21805.0,29605,36120.0,23420.0,59,23425.0,16,23430.0,23,23435.0,17,23440.0,40,23445.0,14,23450.0,30,23455.0,19,23460.0,25,23465.0,26,23445.0
zn2408,,13:44:37.500#,23320.0,23530.0,23305.0,25090.0,21805.0,29607,36119.0,23420.0,59,23425.0,16,23430.0,23,23435.0,17,23440.0,35,23445.0,15,23450.0,30,23455.0,19,23460.0,25,23465.0,26,23440.0
zn2408,,13:44:38.0#,23320.0,23530.0,23305.0,25090.0,21805.0,29610,36117.0,23420.0,59,23425.0,16,23430.0,23,23435.0,16,23440.0,32,23445.0,16,23450.0,30,23455.0,19,23460.0,25,23465.0,25,23440.0
zn2408,,13:44:38.500#,23320.0,23530.0,23305.0,25090.0,21805.0,29612,36115.0,23420.0,59,23425.0,16,23430.0,23,23435.0,16,23440.0,30,23445.0,16,23450.0,30,23455.0,19,23460.0,25,23465.0,25,23440.0
zn2408,,13:44:39.0#,23320.0,23530.0,23305.0,25090.0,21805.0,29614,36115.0,23420.0,59,23425.0,16,23430.0,23,23435.0,16,23440.0,28,23445.0,16,23450.0,30,23455.0,19,23460.0,25,23465.0,25,23440.0
zn2408,,13:44:39.500#,23320.0,23530.0,23305.0,25090.0,21805.0,29618,36111.0,23420.0,59,23425.0,16,23430.0,23,23435.0,16,23440.0,24,23445.0,16,23450.0,40,23455.0,19,23460.0,25,23465.0,25,23440.0
zn2408,,13:44:40.0#,23320.0,23530.0,23305.0,25090.0,21805.0,29620,36111.0,23420.0,59,23425.0,16,23430.0,23,23435.0,16,23440.0,22,23445.0,16,23450.0,40,23455.0,19,23460.0,25,23465.0,25,23440.0
zn2408,,13:44:43.500#,23320.0,23530.0,23305.0,25090.0,21805.0,29621,36110.0,23420.0,59,23425.0,16,23430.0,23,23435.0,16,23440.0,24,23445.0,16,23450.0,40,23455.0,19,23460.0,25,23465.0,25,23440.0
zn2408,,13:44:44.0#,23320.0,23530.0,23305.0,25090.0,21805.0,29621,36110.0,23420.0,59,23425.0,16,23430.0,23,23435.0,16,23440.0,21,23445.0,13,23450.0,40,23455.0,19,23460.0,25,23465.0,25,23440.0
zn2408,,13:44:47.0#,23320.0,23530.0,23305.0,25090.0,21805.0,29621,36110.0,23420.0,59,23425.0,16,23430.0,23,23435.0,16,23440.0,21,23445.0,7,23450.0,40,23455.0,19,23460.0,25,23465.0,25,23440.0
zn2408,,13:44:47.500#,23320.0,23530.0,23305.0,25090.0,21805.0,29621,36110.0,23420.0,59,23425.0,16,23430.0,23,23435.0,16,23440.0,24,23445.0,5,23450.0,40,23455.0,19,23460.0,25,23465.0,25,23440.0
zn2408,,13:44:49.0#,23320.0,23530.0,23305.0,25090.0,21805.0,29626,36115.0,23425.0,16,23430.0,22,23435.0,18,23440.0,33,23445.0,1,23450.0,37,23455.0,19,23460.0,25,23465.0,25,23470.0,20,23445.0
zn2408,,13:44:50.0#,23320.0,23530.0,23305.0,25090.0,21805.0,29626,36115.0,23425.0,16,23430.0,22,23435.0,18,23440.0,33,23445.0,20,23450.0,33,23455.0,19,23460.0,25,23465.0,25,23470.0,20,23445.0
zn2408,,13:44:50.500#,23320.0,23530.0,23305.0,25090.0,21805.0,29632,36121.0,23425.0,16,23430.0,22,23435.0,18,23440.0,33,23445.0,14,23450.0,33,23455.0,19,23460.0,25,23465.0,25,23470.0,20,23445.0
zn2408,,13:44:51.0#,23320.0,23530.0,23305.0,25090.0,21805.0,29632,36121.0,23425.0,16,23430.0,22,23435.0,18,23440.0,33,23445.0,19,23450.0,33,23455.0,19,23460.0,25,23465.0,25,23470.0,20,23445.0
zn2408,,13:44:52.500#,23320.0,23530.0,23305.0,25090.0,21805.0,29652,36115.0,23420.0,59,23425.0,16,23430.0,22,23435.0,18,23440.0,32,23450.0,38,23455.0,19,23460.0,25,23465.0,25,23470.0,20,23440.0
zn2408,,13:44:53.500#,23320.0,23530.0,23305.0,25090.0,21805.0,29653,36114.0,23420.0,59,23425.0,16,23430.0,22,23435.0,18,23440.0,25,23445.0,1,23450.0,49,23455.0,20,23460.0,24,23465.0,25,23440.0
zn2408,,13:44:54.0#,23320.0,23530.0,23305.0,25090.0,21805.0,29653,36114.0,23420.0,59,23425.0,16,23430.0,22,23435.0,18,23440.0,26,23445.0,1,23450.0,41,23455.0,20,23460.0,24,23465.0,25,23440.0
zn2408,,13:44:54.500#,23320.0,23530.0,23305.0,25090.0,21805.0,29658,36111.0,23420.0,59,23425.0,16,23430.0,22,23435.0,18,23440.0,27,23450.0,41,23455.0,20,23460.0,24,23465.0,25,23470.0,20,23445.0
zn2408,,13:44:55.500#,23320.0,23530.0,23305.0,25090.0,21805.0,29660,36113.0,23420.0,59,23425.0,15,23430.0,22,23435.0,19,23440.0,25,23445.0,2,23450.0,39,23455.0,20,23460.0,24,23465.0,25,23445.0
zn2408,,13:44:56.0#,23320.0,23530.0,23305.0,25090.0,21805.0,29660,36113.0,23420.0,59,23425.0,15,23430.0,22,23435.0,19,23440.0,26,23445.0,2,23450.0,39,23455.0,20,23460.0,24,23465.0,25,23445.0
zn2408,,13:44:56.500#,23320.0,23530.0,23305.0,25090.0,21805.0,29660,36113.0,23420.0,59,23425.0,15,23430.0,22,23435.0,19,23440.0,26,23445.0,4,23450.0,39,23455.0,20,23460.0,24,23465.0,25,23445.0
zn2408,,13:44:57.0#,23320.0,23530.0,23305.0,25090.0,21805.0,29660,36113.0,23420.0,59,23425.0,15,23430.0,22,23435.0,19,23440.0,25,23445.0,9,23450.0,40,23455.0,20,23460.0,24,23465.0,25,23445.0
zn2408,,13:44:57.500#,23320.0,23530.0,23305.0,25090.0,21805.0,29660,36113.0,23420.0,59,23425.0,15,23430.0,22,23435.0,19,23440.0,25,23445.0,13,23450.0,40,23455.0,20,23460.0,24,23465.0,25,23445.0
zn2408,,13:44:59.500#,23320.0,23530.0,23305.0,25090.0,21805.0,29660,36113.0,23420.0,59,23425.0,15,23430.0,22,23435.0,18,23440.0,22,23445.0,14,23450.0,40,23455.0,20,23460.0,24,23465.0,25,23445.0
zn2408,,13:45:00.500#,23320.0,23530.0,23305.0,25090.0,21805.0,29660,36113.0,23420.0,59,23425.0,15,23430.0,22,23435.0,18,23440.0,19,23445.0,19,23450.0,40,23455.0,20,23460.0,24,23465.0,25,23445.0
zn2408,,13:45:03.500#,23320.0,23530.0,23305.0,25090.0,21805.0,29664,36113.0,23420.0,59,23425.0,15,23430.0,22,23435.0,19,23440.0,18,23445.0,22,23450.0,41,23455.0,19,23460.0,24,23465.0,25,23440.0
zn2408,,13:45:04.0#,23320.0,23530.0,23305.0,25090.0,21805.0,29664,36113.0,23420.0,59,23425.0,15,23430.0,22,23435.0,19,23440.0,23,23445.0,10,23450.0,41,23455.0,19,23460.0,24,23465.0,25,23440.0
zn2408,,13:45:04.500#,23320.0,23530.0,23305.0,25090.0,21805.0,29674,36119.0,23420.0,59,23425.0,15,23430.0,22,23435.0,19,23440.0,28,23450.0,40,23455.0,19,23460.0,24,23465.0,25,23470.0,20,23445.0
zn2408,,13:45:09.500#,23320.0,23530.0,23305.0,25090.0,21805.0,29676,36118.0,23420.0,59,23425.0,15,23430.0,22,23435.0,20,23440.0,22,23445.0,7,23450.0,34,23455.0,20,23460.0,24,23465.0,25,23445.0
zn2408,,13:45:11.500#,23320.0,23530.0,23305.0,25090.0,21805.0,29683,36125.0,23420.0,59,23425.0,15,23430.0,22,23435.0,20,23440.0,21,23450.0,35,23455.0,20,23460.0,24,23465.0,25,23470.0,20,23445.0
zn2408,,13:45:17.500#,23320.0,23530.0,23305.0,25090.0,21805.0,29684,36125.0,23425.0,15,23430.0,22,23435.0,20,23440.0,24,23445.0,9,23450.0,29,23455.0,20,23460.0,24,23465.0,25,23470.0,20,23450.0
zn2408,,13:45:20.0#,23320.0,23530.0,23305.0,25090.0,21805.0,29684,36125.0,23425.0,15,23430.0,22,23435.0,20,23440.0,24,23445.0,7,23450.0,29,23455.0,20,23460.0,24,23465.0,25,23470.0,20,23450.0
zn2408,,13:45:21.0#,23320.0,23530.0,23305.0,25090.0,21805.0,29684,36125.0,23425.0,15,23430.0,22,23435.0,20,23440.0,24,23445.0,7,23450.0,29,23455.0,20,23460.0,24,23465.0,25,23470.0,20,23450.0
zn2408,,13:45:22.500#,23320.0,23530.0,23305.0,25090.0,21805.0,29695,36120.0,23420.0,59,23425.0,15,23430.0,22,23435.0,20,23440.0,21,23445.0,15,23450.0,32,23455.0,20,23460.0,24,23465.0,25,23440.0
zn2408,,13:45:24.500#,23320.0,23530.0,23305.0,25090.0,21805.0,29699,36118.0,23420.0,59,23425.0,16,23430.0,22,23435.0,20,23440.0,6,23445.0,16,23450.0,34,23455.0,20,23460.0,24,23465.0,25,23440.0
zn2408,,13:45:25.0#,23320.0,23530.0,23305.0,25090.0,21805.0,29699,36118.0,23420.0,59,23425.0,16,23430.0,22,23435.0,20,23440.0,12,23445.0,16,23450.0,34,23455.0,19,23460.0,24,23465.0,25,23440.0
zn2408,,13:45:25.500#,23320.0,23530.0,23305.0,25090.0,21805.0,29699,36118.0,23420.0,59,23425.0,16,23430.0,22,23435.0,20,23440.0,12,23445.0,16,23450.0,34,23455.0,20,23460.0,24,23465.0,25,23440.0
zn2408,,13:45:29.0#,23320.0,23530.0,23305.0,25090.0,21805.0,29699,36118.0,23420.0,59,23425.0,16,23430.0,22,23435.0,20,23440.0,7,23445.0,21,23450.0,34,23455.0,20,23460.0,24,23465.0,25,23440.0
zn2408,,13:45:29.500#,23320.0,23530.0,23305.0,25090.0,21805.0,29699,36118.0,23420.0,59,23425.0,16,23430.0,22,23435.0,20,23440.0,10,23445.0,21,23450.0,34,23455.0,20,23460.0,24,23465.0,25,23440.0
zn2408,,13:45:32.0#,23320.0,23530.0,23305.0,25090.0,21805.0,29760,36114.0,23410.0,126,23415.0,15,23420.0,58,23425.0,17,23430.0,18,23435.0,4,23440.0,21,23445.0,25,23450.0,33,23455.0,22,23430.0
zn2408,,13:45:32.500#,23320.0,23530.0,23305.0,25090.0,21805.0,29762,36113.0,23410.0,126,23415.0,15,23420.0,58,23425.0,17,23430.0,17,23440.0,23,23445.0,25,23450.0,33,23455.0,22,23460.0,25,23430.0
zn2408,,13:45:36.500#,23320.0,23530.0,23305.0,25090.0,21805.0,29787,36115.0,23400.0,165,23405.0,14,23410.0,126,23415.0,18,23420.0,59,23430.0,23,23435.0,27,23440.0,21,23445.0,23,23450.0,32,23425.0
zn2408,,13:45:38.0#,23320.0,23530.0,23305.0,25090.0,21805.0,29797,36116.0,23400.0,151,23405.0,16,23410.0,126,23415.0,17,23420.0,54,23430.0,25,23435.0,26,23440.0,21,23445.0,23,23450.0,32,23425.0
zn2408,,13:45:46.0#,23320.0,23530.0,23305.0,25090.0,21805.0,29822,36121.0,23405.0,16,23410.0,127,23415.0,19,23420.0,52,23425.0,2,23430.0,25,23435.0,27,23440.0,21,23445.0,23,23450.0,32,23425.0
zn2408,,13:45:50.500#,23320.0,23530.0,23305.0,25090.0,21805.0,29826,36119.0,23405.0,16,23410.0,127,23415.0,18,23420.0,53,23425.0,9,23430.0,23,23435.0,27,23440.0,21,23445.0,23,23450.0,27,23425.0
zn2408,,13:46:02.0#,23320.0,23530.0,23305.0,25090.0,21805.0,29832,36115.0,23400.0,147,23405.0,16,23410.0,128,23415.0,24,23420.0,46,23425.0,11,23430.0,25,23435.0,27,23440.0,21,23445.0,23,23420.0
zn2408,,13:46:03.500#,23320.0,23530.0,23305.0,25090.0,21805.0,29869,36114.0,23400.0,147,23405.0,17,23410.0,128,23415.0,23,23420.0,6,23425.0,32,23430.0,26,23435.0,25,23440.0,19,23445.0,22,23420.0
zn2408,,13:46:04.0#,23320.0,23530.0,23305.0,25090.0,21805.0,29876,36116.0,23400.0,147,23405.0,17,23410.0,128,23415.0,23,23420.0,2,23425.0,34,23430.0,27,23435.0,25,23440.0,19,23445.0,22,23420.0
zn2408,,13:46:05.0#,23320.0,23530.0,23305.0,25090.0,21805.0,29881,36113.0,23395.0,13,23400.0,147,23405.0,27,23410.0,128,23415.0,18,23420.0,11,23425.0,32,23430.0,25,23435.0,24,23440.0,22,23415.0
zn2408,,13:46:05.500#,23320.0,23530.0,23305.0,25090.0,21805.0,29884,36111.0,23395.0,15,23400.0,147,23405.0,27,23410.0,127,23415.0,20,23420.0,8,23425.0,33,23430.0,25,23435.0,24,23440.0,22,23420.0
zn2408,,13:46:06.0#,23320.0,23530.0,23305.0,25090.0,21805.0,29893,36113.0,23395.0,15,23400.0,147,23405.0,26,23410.0,127,23415.0,20,23420.0,3,23425.0,33,23430.0,25,23435.0,24,23440.0,22,23420.0
zn2408,,13:46:06.500#,23320.0,23530.0,23305.0,25090.0,21805.0,29896,36112.0,23400.0,148,23405.0,26,23410.0,127,23415.0,20,23420.0,15,23425.0,33,23430.0,25,23435.0,24,23440.0,22,23445.0,22,23420.0
zn2408,,13:46:07.0#,23320.0,23530.0,23305.0,25090.0,21805.0,29896,36112.0,23400.0,148,23405.0,25,23410.0,128,23415.0,20,23420.0,17,23425.0,18,23430.0,27,23435.0,24,23440.0,22,23445.0,22,23420.0
zn2408,,13:46:07.500#,23320.0,23530.0,23305.0,25090.0,21805.0,29903,36108.0,23400.0,148,23405.0,25,23410.0,128,23415.0,22,23420.0,17,23425.0,10,23430.0,28,23435.0,24,23440.0,22,23445.0,22,23425.0
zn2408,,13:46:08.0#,23320.0,23530.0,23305.0,25090.0,21805.0,29903,36108.0,23400.0,148,23405.0,25,23410.0,128,23415.0,23,23420.0,17,23425.0,5,23430.0,28,23435.0,24,23440.0,22,23445.0,22,23425.0
zn2408,,13:46:08.500#,23320.0,23530.0,23305.0,25090.0,21805.0,29903,36108.0,23400.0,148,23405.0,25,23410.0,128,23415.0,23,23420.0,17,23425.0,11,23430.0,28,23435.0,24,23440.0,22,23445.0,22,23425.0
zn2408,,13:46:09.0#,23320.0,23530.0,23305.0,25090.0,21805.0,29903,36108.0,23400.0,148,23405.0,25,23410.0,128,23415.0,23,23420.0,10,23425.0,17,23430.0,28,23435.0,24,23440.0,22,23445.0,17,23425.0
zn2408,,13:46:09.500#,23320.0,23530.0,23305.0,25090.0,21805.0,29903,36108.0,23400.0,148,23405.0,25,23410.0,128,23415.0,23,23420.0,10,23425.0,14,23430.0,28,23435.0,24,23440.0,22,23445.0,19,23425.0
zn2408,,13:46:10.0#,23320.0,23530.0,23305.0,25090.0,21805.0,29903,36108.0,23400.0,148,23405.0,25,23410.0,128,23415.0,23,23420.0,13,23425.0,12,23430.0,28,23435.0,24,23440.0,22,23445.0,19,23425.0
zn2408,,13:46:12.500#,23320.0,23530.0,23305.0,25090.0,21805.0,29903,36108.0,23400.0,148,23405.0,25,23410.0,128,23415.0,23,23420.0,10,23425.0,10,23430.0,28,23435.0,24,23440.0,22,23445.0,19,23425.0
zn2408,,13:46:13.0#,23320.0,23530.0,23305.0,25090.0,21805.0,29903,36108.0,23400.0,148,23405.0,25,23410.0,128,23415.0,23,23420.0,10,23425.0,10,23430.0,28,23435.0,24,23440.0,22,23445.0,19,23425.0
zn2408,,13:46:13.500#,23320.0,23530.0,23305.0,25090.0,21805.0,29912,36103.0,23400.0,148,23405.0,25,23410.0,128,23415.0,23,23420.0,14,23425.0,1,23430.0,28,23435.0,24,23440.0,22,23445.0,19,23425.0
zn2408,,13:46:15.0#,23320.0,23530.0,23305.0,25090.0,21805.0,29913,36102.0,23405.0,25,23410.0,127,23415.0,24,23420.0,14,23425.0,4,23430.0,24,23435.0,24,23440.0,23,23445.0,19,23450.0,28,23425.0
zn2408,,13:46:16.0#,23320.0,23530.0,23305.0,25090.0,21805.0,29914,36101.0,23405.0,25,23410.0,127,23415.0,24,23420.0,14,23425.0,3,23430.0,24,23435.0,24,23440.0,23,23445.0,19,23450.0,28,23425.0
zn2408,,13:46:18.0#,23320.0,23530.0,23305.0,25090.0,21805.0,29914,36101.0,23405.0,25,23410.0,127,23415.0,24,23420.0,25,23425.0,7,23430.0,21,23435.0,24,23440.0,23,23445.0,19,23450.0,28,23425.0
zn2408,,13:46:18.500#,23320.0,23530.0,23305.0,25090.0,21805.0,29916,36100.0,23405.0,25,23410.0,127,23415.0,24,23420.0,24,23425.0,6,23430.0,21,23435.0,24,23440.0,23,23445.0,19,23450.0,28,23425.0
zn2408,,13:46:19.0#,23320.0,23530.0,23305.0,25090.0,21805.0,29917,36099.0,23405.0,25,23410.0,127,23415.0,24,23420.0,24,23425.0,5,23430.0,21,23435.0,24,23440.0,23,23445.0,19,23450.0,28,23425.0
zn2408,,13:46:22.500#,23320.0,23530.0,23305.0,25090.0,21805.0,29929,36102.0,23405.0,25,23410.0,127,23415.0,24,23420.0,24,23425.0,4,23430.0,11,23435.0,24,23440.0,23,23445.0,19,23450.0,28,23425.0
zn2408,,13:46:23.0#,23320.0,23530.0,23305.0,25090.0,21805.0,29929,36102.0,23405.0,25,23410.0,127,23415.0,24,23420.0,24,23425.0,4,23430.0,29,23435.0,24,23440.0,23,23445.0,19,23450.0,28,23425.0
zn2408,,13:46:23.500#,23320.0,23530.0,23305.0,25090.0,21805.0,29929,36102.0,23405.0,25,23410.0,127,23415.0,24,23420.0,24,23425.0,6,23430.0,25,23435.0,24,23440.0,23,23445.0,19,23450.0,28,23425.0
